%YAML 1.1
%TAG !u! tag:unity3d.com,2011:
--- !u!29 &1
OcclusionCullingSettings:
  m_ObjectHideFlags: 0
  serializedVersion: 2
  m_OcclusionBakeSettings:
    smallestOccluder: 5
    smallestHole: 0.25
    backfaceThreshold: 100
  m_SceneGUID: 00000000000000000000000000000000
  m_OcclusionCullingData: {fileID: 0}
--- !u!104 &2
RenderSettings:
  m_ObjectHideFlags: 0
  serializedVersion: 9
  m_Fog: 0
  m_FogColor: {r: 0.5, g: 0.5, b: 0.5, a: 1}
  m_FogMode: 3
  m_FogDensity: 0.01
  m_LinearFogStart: 0
  m_LinearFogEnd: 300
  m_AmbientSkyColor: {r: 0.212, g: 0.227, b: 0.259, a: 1}
  m_AmbientEquatorColor: {r: 0.114, g: 0.125, b: 0.133, a: 1}
  m_AmbientGroundColor: {r: 0.047, g: 0.043, b: 0.035, a: 1}
  m_AmbientIntensity: 1
  m_AmbientMode: 0
  m_SubtractiveShadowColor: {r: 0.42, g: 0.478, b: 0.627, a: 1}
  m_SkyboxMaterial: {fileID: 10304, guid: 0000000000000000f000000000000000, type: 0}
  m_HaloStrength: 0.5
  m_FlareStrength: 1
  m_FlareFadeSpeed: 3
  m_HaloTexture: {fileID: 0}
  m_SpotCookie: {fileID: 10001, guid: 0000000000000000e000000000000000, type: 0}
  m_DefaultReflectionMode: 0
  m_DefaultReflectionResolution: 128
  m_ReflectionBounces: 1
  m_ReflectionIntensity: 1
  m_CustomReflection: {fileID: 0}
  m_Sun: {fileID: 0}
  m_IndirectSpecularColor: {r: 0.18028378, g: 0.22571412, b: 0.30692285, a: 1}
  m_UseRadianceAmbientProbe: 0
--- !u!157 &3
LightmapSettings:
  m_ObjectHideFlags: 0
  serializedVersion: 12
  m_GIWorkflowMode: 1
  m_GISettings:
    serializedVersion: 2
    m_BounceScale: 1
    m_IndirectOutputScale: 1
    m_AlbedoBoost: 1
    m_EnvironmentLightingMode: 0
    m_EnableBakedLightmaps: 1
    m_EnableRealtimeLightmaps: 0
  m_LightmapEditorSettings:
    serializedVersion: 12
    m_Resolution: 2
    m_BakeResolution: 40
    m_AtlasSize: 1024
    m_AO: 0
    m_AOMaxDistance: 1
    m_CompAOExponent: 1
    m_CompAOExponentDirect: 0
    m_ExtractAmbientOcclusion: 0
    m_Padding: 2
    m_LightmapParameters: {fileID: 0}
    m_LightmapsBakeMode: 1
    m_TextureCompression: 1
    m_FinalGather: 0
    m_FinalGatherFiltering: 1
    m_FinalGatherRayCount: 256
    m_ReflectionCompression: 2
    m_MixedBakeMode: 2
    m_BakeBackend: 1
    m_PVRSampling: 1
    m_PVRDirectSampleCount: 32
    m_PVRSampleCount: 512
    m_PVRBounces: 2
    m_PVREnvironmentSampleCount: 256
    m_PVREnvironmentReferencePointCount: 2048
    m_PVRFilteringMode: 1
    m_PVRDenoiserTypeDirect: 1
    m_PVRDenoiserTypeIndirect: 1
    m_PVRDenoiserTypeAO: 1
    m_PVRFilterTypeDirect: 0
    m_PVRFilterTypeIndirect: 0
    m_PVRFilterTypeAO: 0
    m_PVREnvironmentMIS: 1
    m_PVRCulling: 1
    m_PVRFilteringGaussRadiusDirect: 1
    m_PVRFilteringGaussRadiusIndirect: 5
    m_PVRFilteringGaussRadiusAO: 2
    m_PVRFilteringAtrousPositionSigmaDirect: 0.5
    m_PVRFilteringAtrousPositionSigmaIndirect: 2
    m_PVRFilteringAtrousPositionSigmaAO: 1
    m_ExportTrainingData: 0
    m_TrainingDataDestination: TrainingData
    m_LightProbeSampleCountMultiplier: 4
  m_LightingDataAsset: {fileID: 112000000, guid: ec3c8dcebe682d84a928286d401d34ec, type: 2}
  m_LightingSettings: {fileID: 4890085278179872738, guid: 58fac99e59e9aa644889e91e0b5f6542, type: 2}
--- !u!196 &4
NavMeshSettings:
  serializedVersion: 2
  m_ObjectHideFlags: 0
  m_BuildSettings:
    serializedVersion: 2
    agentTypeID: 0
    agentRadius: 0.5
    agentHeight: 2
    agentSlope: 45
    agentClimb: 0.4
    ledgeDropHeight: 0
    maxJumpAcrossDistance: 0
    minRegionArea: 2
    manualCellSize: 0
    cellSize: 0.16666667
    manualTileSize: 0
    tileSize: 256
    accuratePlacement: 0
    maxJobWorkers: 0
    preserveTilesOutsideBounds: 0
    debug:
      m_Flags: 0
  m_NavMeshData: {fileID: 0}
--- !u!1 &23853084
GameObject:
  m_ObjectHideFlags: 0
  m_CorrespondingSourceObject: {fileID: 0}
  m_PrefabInstance: {fileID: 0}
  m_PrefabAsset: {fileID: 0}
  serializedVersion: 6
  m_Component:
  - component: {fileID: 23853088}
  - component: {fileID: 23853087}
  - component: {fileID: 23853086}
  - component: {fileID: 23853085}
  m_Layer: 0
  m_Name: GroundTile5M (1)
  m_TagString: Untagged
  m_Icon: {fileID: 0}
  m_NavMeshLayer: 0
  m_StaticEditorFlags: 0
  m_IsActive: 1
--- !u!65 &23853085
BoxCollider:
  m_ObjectHideFlags: 0
  m_CorrespondingSourceObject: {fileID: 0}
  m_PrefabInstance: {fileID: 0}
  m_PrefabAsset: {fileID: 0}
  m_GameObject: {fileID: 23853084}
  m_Material: {fileID: 0}
  m_IsTrigger: 0
  m_Enabled: 1
  serializedVersion: 2
  m_Size: {x: 5, y: 4.9999995, z: 0.9999999}
  m_Center: {x: 0, y: 0, z: 0.49999994}
--- !u!23 &23853086
MeshRenderer:
  m_ObjectHideFlags: 0
  m_CorrespondingSourceObject: {fileID: 0}
  m_PrefabInstance: {fileID: 0}
  m_PrefabAsset: {fileID: 0}
  m_GameObject: {fileID: 23853084}
  m_Enabled: 1
  m_CastShadows: 1
  m_ReceiveShadows: 1
  m_DynamicOccludee: 1
  m_MotionVectors: 1
  m_LightProbeUsage: 1
  m_ReflectionProbeUsage: 1
  m_RayTracingMode: 2
  m_RayTraceProcedural: 0
  m_RenderingLayerMask: 1
  m_RendererPriority: 0
  m_Materials:
  - {fileID: 2100000, guid: 933a7419e36e59f4ba0167dc2e059c8d, type: 2}
  m_StaticBatchInfo:
    firstSubMesh: 0
    subMeshCount: 0
  m_StaticBatchRoot: {fileID: 0}
  m_ProbeAnchor: {fileID: 0}
  m_LightProbeVolumeOverride: {fileID: 0}
  m_ScaleInLightmap: 1
  m_ReceiveGI: 1
  m_PreserveUVs: 0
  m_IgnoreNormalsForChartDetection: 0
  m_ImportantGI: 0
  m_StitchLightmapSeams: 1
  m_SelectedEditorRenderState: 3
  m_MinimumChartSize: 4
  m_AutoUVMaxDistance: 0.5
  m_AutoUVMaxAngle: 89
  m_LightmapParameters: {fileID: 0}
  m_SortingLayerID: 0
  m_SortingLayer: 0
  m_SortingOrder: 0
  m_AdditionalVertexStreams: {fileID: 0}
--- !u!33 &23853087
MeshFilter:
  m_ObjectHideFlags: 0
  m_CorrespondingSourceObject: {fileID: 0}
  m_PrefabInstance: {fileID: 0}
  m_PrefabAsset: {fileID: 0}
  m_GameObject: {fileID: 23853084}
  m_Mesh: {fileID: 4389714244963534607, guid: 52951a3a88edf2a44a824d67b26d46a8, type: 3}
--- !u!4 &23853088
Transform:
  m_ObjectHideFlags: 0
  m_CorrespondingSourceObject: {fileID: 0}
  m_PrefabInstance: {fileID: 0}
  m_PrefabAsset: {fileID: 0}
  m_GameObject: {fileID: 23853084}
  m_LocalRotation: {x: -0.7071068, y: 0, z: -0, w: 0.7071067}
  m_LocalPosition: {x: -15.55, y: 4.58, z: 9.95}
  m_LocalScale: {x: 1, y: 1, z: 1}
  m_Children: []
  m_Father: {fileID: 0}
  m_RootOrder: 18
  m_LocalEulerAnglesHint: {x: 0, y: 0, z: 0}
--- !u!1 &99687052
GameObject:
  m_ObjectHideFlags: 0
  m_CorrespondingSourceObject: {fileID: 0}
  m_PrefabInstance: {fileID: 0}
  m_PrefabAsset: {fileID: 0}
  serializedVersion: 6
  m_Component:
  - component: {fileID: 99687054}
  - component: {fileID: 99687053}
  m_Layer: 0
  m_Name: Post-process Volume
  m_TagString: Untagged
  m_Icon: {fileID: 0}
  m_NavMeshLayer: 0
  m_StaticEditorFlags: 0
  m_IsActive: 1
--- !u!114 &99687053
MonoBehaviour:
  m_ObjectHideFlags: 0
  m_CorrespondingSourceObject: {fileID: 0}
  m_PrefabInstance: {fileID: 0}
  m_PrefabAsset: {fileID: 0}
  m_GameObject: {fileID: 99687052}
  m_Enabled: 1
  m_EditorHideFlags: 0
  m_Script: {fileID: 11500000, guid: 172515602e62fb746b5d573b38a5fe58, type: 3}
  m_Name: 
  m_EditorClassIdentifier: 
  isGlobal: 1
  priority: 0
  blendDistance: 0
  weight: 1
  sharedProfile: {fileID: 11400000, guid: 10fc4df2da32a41aaa32d77bc913491c, type: 2}
--- !u!4 &99687054
Transform:
  m_ObjectHideFlags: 0
  m_CorrespondingSourceObject: {fileID: 0}
  m_PrefabInstance: {fileID: 0}
  m_PrefabAsset: {fileID: 0}
  m_GameObject: {fileID: 99687052}
  m_LocalRotation: {x: -0, y: -0, z: -0, w: 1}
  m_LocalPosition: {x: 0, y: 0, z: -5.801491}
  m_LocalScale: {x: 1, y: 1, z: 1}
  m_Children: []
  m_Father: {fileID: 0}
  m_RootOrder: 2
  m_LocalEulerAnglesHint: {x: 0, y: 0, z: 0}
--- !u!1001 &116999394
PrefabInstance:
  m_ObjectHideFlags: 0
  serializedVersion: 2
  m_Modification:
    m_TransformParent: {fileID: 0}
    m_Modifications:
    - target: {fileID: 655257667644110953, guid: 116a4643c821a424f8a949787bb5269e, type: 3}
      propertyPath: m_Name
      value: Player
      objectReference: {fileID: 0}
    - target: {fileID: 655257667644110961, guid: 116a4643c821a424f8a949787bb5269e, type: 3}
      propertyPath: killplaneY
      value: -9.4
      objectReference: {fileID: 0}
    - target: {fileID: 655257667644110965, guid: 116a4643c821a424f8a949787bb5269e, type: 3}
      propertyPath: m_RootOrder
      value: 1
      objectReference: {fileID: 0}
    - target: {fileID: 655257667644110965, guid: 116a4643c821a424f8a949787bb5269e, type: 3}
      propertyPath: m_LocalPosition.x
      value: 0.03
      objectReference: {fileID: 0}
    - target: {fileID: 655257667644110965, guid: 116a4643c821a424f8a949787bb5269e, type: 3}
      propertyPath: m_LocalPosition.y
      value: 1.559
      objectReference: {fileID: 0}
    - target: {fileID: 655257667644110965, guid: 116a4643c821a424f8a949787bb5269e, type: 3}
      propertyPath: m_LocalPosition.z
      value: -1.46
      objectReference: {fileID: 0}
    - target: {fileID: 655257667644110965, guid: 116a4643c821a424f8a949787bb5269e, type: 3}
      propertyPath: m_LocalRotation.w
      value: 1
      objectReference: {fileID: 0}
    - target: {fileID: 655257667644110965, guid: 116a4643c821a424f8a949787bb5269e, type: 3}
      propertyPath: m_LocalRotation.x
      value: 0
      objectReference: {fileID: 0}
    - target: {fileID: 655257667644110965, guid: 116a4643c821a424f8a949787bb5269e, type: 3}
      propertyPath: m_LocalRotation.y
      value: 0
      objectReference: {fileID: 0}
    - target: {fileID: 655257667644110965, guid: 116a4643c821a424f8a949787bb5269e, type: 3}
      propertyPath: m_LocalRotation.z
      value: 0
      objectReference: {fileID: 0}
    - target: {fileID: 655257667644110965, guid: 116a4643c821a424f8a949787bb5269e, type: 3}
      propertyPath: m_LocalEulerAnglesHint.x
      value: 0
      objectReference: {fileID: 0}
    - target: {fileID: 655257667644110965, guid: 116a4643c821a424f8a949787bb5269e, type: 3}
      propertyPath: m_LocalEulerAnglesHint.y
      value: 0
      objectReference: {fileID: 0}
    - target: {fileID: 655257667644110965, guid: 116a4643c821a424f8a949787bb5269e, type: 3}
      propertyPath: m_LocalEulerAnglesHint.z
      value: 0
      objectReference: {fileID: 0}
    m_RemovedComponents: []
  m_SourcePrefab: {fileID: 100100000, guid: 116a4643c821a424f8a949787bb5269e, type: 3}
--- !u!4 &116999395 stripped
Transform:
  m_CorrespondingSourceObject: {fileID: 655257669413268746, guid: 116a4643c821a424f8a949787bb5269e, type: 3}
  m_PrefabInstance: {fileID: 116999394}
  m_PrefabAsset: {fileID: 0}
--- !u!4 &116999396 stripped
Transform:
  m_CorrespondingSourceObject: {fileID: 655257667644110965, guid: 116a4643c821a424f8a949787bb5269e, type: 3}
  m_PrefabInstance: {fileID: 116999394}
  m_PrefabAsset: {fileID: 0}
--- !u!1001 &136006508
PrefabInstance:
  m_ObjectHideFlags: 0
  serializedVersion: 2
  m_Modification:
    m_TransformParent: {fileID: 0}
    m_Modifications:
    - target: {fileID: -8679921383154817045, guid: 7dc928584686bc441ba50dd92032142e, type: 3}
      propertyPath: m_RootOrder
      value: 15
      objectReference: {fileID: 0}
    - target: {fileID: -8679921383154817045, guid: 7dc928584686bc441ba50dd92032142e, type: 3}
      propertyPath: m_LocalScale.z
      value: 5.15
      objectReference: {fileID: 0}
    - target: {fileID: -8679921383154817045, guid: 7dc928584686bc441ba50dd92032142e, type: 3}
      propertyPath: m_LocalPosition.x
      value: -16.34
      objectReference: {fileID: 0}
    - target: {fileID: -8679921383154817045, guid: 7dc928584686bc441ba50dd92032142e, type: 3}
      propertyPath: m_LocalPosition.y
      value: 5.67
      objectReference: {fileID: 0}
    - target: {fileID: -8679921383154817045, guid: 7dc928584686bc441ba50dd92032142e, type: 3}
      propertyPath: m_LocalPosition.z
      value: -7.4
      objectReference: {fileID: 0}
    - target: {fileID: -8679921383154817045, guid: 7dc928584686bc441ba50dd92032142e, type: 3}
      propertyPath: m_LocalRotation.w
      value: 0.7071067
      objectReference: {fileID: 0}
    - target: {fileID: -8679921383154817045, guid: 7dc928584686bc441ba50dd92032142e, type: 3}
      propertyPath: m_LocalRotation.x
      value: -0.7071068
      objectReference: {fileID: 0}
    - target: {fileID: -8679921383154817045, guid: 7dc928584686bc441ba50dd92032142e, type: 3}
      propertyPath: m_LocalRotation.y
      value: 0
      objectReference: {fileID: 0}
    - target: {fileID: -8679921383154817045, guid: 7dc928584686bc441ba50dd92032142e, type: 3}
      propertyPath: m_LocalRotation.z
      value: -0
      objectReference: {fileID: 0}
    - target: {fileID: -8679921383154817045, guid: 7dc928584686bc441ba50dd92032142e, type: 3}
      propertyPath: m_LocalEulerAnglesHint.x
      value: 0
      objectReference: {fileID: 0}
    - target: {fileID: -8679921383154817045, guid: 7dc928584686bc441ba50dd92032142e, type: 3}
      propertyPath: m_LocalEulerAnglesHint.y
      value: 0
      objectReference: {fileID: 0}
    - target: {fileID: -8679921383154817045, guid: 7dc928584686bc441ba50dd92032142e, type: 3}
      propertyPath: m_LocalEulerAnglesHint.z
      value: 0
      objectReference: {fileID: 0}
    - target: {fileID: 919132149155446097, guid: 7dc928584686bc441ba50dd92032142e, type: 3}
      propertyPath: m_Name
      value: Spikes (3)
      objectReference: {fileID: 0}
    - target: {fileID: 919132149155446097, guid: 7dc928584686bc441ba50dd92032142e, type: 3}
      propertyPath: m_Layer
      value: 2
      objectReference: {fileID: 0}
    m_RemovedComponents: []
  m_SourcePrefab: {fileID: 100100000, guid: 7dc928584686bc441ba50dd92032142e, type: 3}
--- !u!1 &160439326 stripped
GameObject:
  m_CorrespondingSourceObject: {fileID: 919132149155446097, guid: 7dc928584686bc441ba50dd92032142e, type: 3}
  m_PrefabInstance: {fileID: 136006508}
  m_PrefabAsset: {fileID: 0}
--- !u!114 &160439327
MonoBehaviour:
  m_ObjectHideFlags: 0
  m_CorrespondingSourceObject: {fileID: 0}
  m_PrefabInstance: {fileID: 0}
  m_PrefabAsset: {fileID: 0}
  m_GameObject: {fileID: 160439326}
  m_Enabled: 1
  m_EditorHideFlags: 0
  m_Script: {fileID: 11500000, guid: 543a0b6bd40bfad4fb32e13132ef9365, type: 3}
  m_Name: 
  m_EditorClassIdentifier: 
--- !u!65 &160439328
BoxCollider:
  m_ObjectHideFlags: 0
  m_CorrespondingSourceObject: {fileID: 0}
  m_PrefabInstance: {fileID: 0}
  m_PrefabAsset: {fileID: 0}
  m_GameObject: {fileID: 160439326}
  m_Material: {fileID: 0}
  m_IsTrigger: 0
  m_Enabled: 1
  serializedVersion: 2
  m_Size: {x: 0.5449981, y: 0.61138237, z: 0.38520753}
  m_Center: {x: -0.0025195929, y: 0.022566138, z: 0.16336975}
--- !u!1 &273464044
GameObject:
  m_ObjectHideFlags: 0
  m_CorrespondingSourceObject: {fileID: 0}
  m_PrefabInstance: {fileID: 0}
  m_PrefabAsset: {fileID: 0}
  serializedVersion: 6
  m_Component:
  - component: {fileID: 273464049}
  - component: {fileID: 273464048}
  - component: {fileID: 273464047}
  - component: {fileID: 273464046}
  - component: {fileID: 273464045}
  m_Layer: 2
  m_Name: Spikes (12)
  m_TagString: Untagged
  m_Icon: {fileID: 0}
  m_NavMeshLayer: 0
  m_StaticEditorFlags: 0
  m_IsActive: 1
--- !u!114 &273464045
MonoBehaviour:
  m_ObjectHideFlags: 0
  m_CorrespondingSourceObject: {fileID: 0}
  m_PrefabInstance: {fileID: 0}
  m_PrefabAsset: {fileID: 0}
  m_GameObject: {fileID: 273464044}
  m_Enabled: 1
  m_EditorHideFlags: 0
  m_Script: {fileID: 11500000, guid: 543a0b6bd40bfad4fb32e13132ef9365, type: 3}
  m_Name: 
  m_EditorClassIdentifier: 
--- !u!65 &273464046
BoxCollider:
  m_ObjectHideFlags: 0
  m_CorrespondingSourceObject: {fileID: 0}
  m_PrefabInstance: {fileID: 0}
  m_PrefabAsset: {fileID: 0}
  m_GameObject: {fileID: 273464044}
  m_Material: {fileID: 0}
  m_IsTrigger: 0
  m_Enabled: 1
  serializedVersion: 2
  m_Size: {x: 0.5449981, y: 0.61138237, z: 0.38520753}
  m_Center: {x: -0.0025195929, y: 0.022566138, z: 0.16336975}
--- !u!23 &273464047
MeshRenderer:
  m_ObjectHideFlags: 0
  m_CorrespondingSourceObject: {fileID: 0}
  m_PrefabInstance: {fileID: 0}
  m_PrefabAsset: {fileID: 0}
  m_GameObject: {fileID: 273464044}
  m_Enabled: 1
  m_CastShadows: 1
  m_ReceiveShadows: 1
  m_DynamicOccludee: 1
  m_MotionVectors: 1
  m_LightProbeUsage: 1
  m_ReflectionProbeUsage: 1
  m_RayTracingMode: 2
  m_RayTraceProcedural: 0
  m_RenderingLayerMask: 1
  m_RendererPriority: 0
  m_Materials:
  - {fileID: 7110725429059472100, guid: 7dc928584686bc441ba50dd92032142e, type: 3}
  m_StaticBatchInfo:
    firstSubMesh: 0
    subMeshCount: 0
  m_StaticBatchRoot: {fileID: 0}
  m_ProbeAnchor: {fileID: 0}
  m_LightProbeVolumeOverride: {fileID: 0}
  m_ScaleInLightmap: 1
  m_ReceiveGI: 1
  m_PreserveUVs: 0
  m_IgnoreNormalsForChartDetection: 0
  m_ImportantGI: 0
  m_StitchLightmapSeams: 1
  m_SelectedEditorRenderState: 3
  m_MinimumChartSize: 4
  m_AutoUVMaxDistance: 0.5
  m_AutoUVMaxAngle: 89
  m_LightmapParameters: {fileID: 0}
  m_SortingLayerID: 0
  m_SortingLayer: 0
  m_SortingOrder: 0
  m_AdditionalVertexStreams: {fileID: 0}
--- !u!33 &273464048
MeshFilter:
  m_ObjectHideFlags: 0
  m_CorrespondingSourceObject: {fileID: 0}
  m_PrefabInstance: {fileID: 0}
  m_PrefabAsset: {fileID: 0}
  m_GameObject: {fileID: 273464044}
  m_Mesh: {fileID: 9188603553798411242, guid: 7dc928584686bc441ba50dd92032142e, type: 3}
--- !u!4 &273464049
Transform:
  m_ObjectHideFlags: 0
  m_CorrespondingSourceObject: {fileID: 0}
  m_PrefabInstance: {fileID: 0}
  m_PrefabAsset: {fileID: 0}
  m_GameObject: {fileID: 273464044}
  m_LocalRotation: {x: -0.7071068, y: 0, z: -0, w: 0.7071067}
  m_LocalPosition: {x: -13.3, y: 5.67, z: -8.48}
  m_LocalScale: {x: 1.8348689, y: 1.6356375, z: 5.15}
  m_Children: []
  m_Father: {fileID: 0}
  m_RootOrder: 26
  m_LocalEulerAnglesHint: {x: 0, y: 0, z: 0}
--- !u!1 &293408446
GameObject:
  m_ObjectHideFlags: 0
  m_CorrespondingSourceObject: {fileID: 0}
  m_PrefabInstance: {fileID: 0}
  m_PrefabAsset: {fileID: 0}
  serializedVersion: 6
  m_Component:
  - component: {fileID: 293408450}
  - component: {fileID: 293408449}
  - component: {fileID: 293408448}
  - component: {fileID: 293408447}
  m_Layer: 0
  m_Name: GroundTile1M (11)
  m_TagString: Untagged
  m_Icon: {fileID: 0}
  m_NavMeshLayer: 0
  m_StaticEditorFlags: 0
  m_IsActive: 1
--- !u!65 &293408447
BoxCollider:
  m_ObjectHideFlags: 0
  m_CorrespondingSourceObject: {fileID: 0}
  m_PrefabInstance: {fileID: 0}
  m_PrefabAsset: {fileID: 0}
  m_GameObject: {fileID: 293408446}
  m_Material: {fileID: 0}
  m_IsTrigger: 0
  m_Enabled: 1
  serializedVersion: 2
  m_Size: {x: 1, y: 0.9999999, z: 0.9999999}
  m_Center: {x: 0, y: 0, z: 0.49999994}
--- !u!23 &293408448
MeshRenderer:
  m_ObjectHideFlags: 0
  m_CorrespondingSourceObject: {fileID: 0}
  m_PrefabInstance: {fileID: 0}
  m_PrefabAsset: {fileID: 0}
  m_GameObject: {fileID: 293408446}
  m_Enabled: 1
  m_CastShadows: 1
  m_ReceiveShadows: 1
  m_DynamicOccludee: 1
  m_MotionVectors: 1
  m_LightProbeUsage: 1
  m_ReflectionProbeUsage: 1
  m_RayTracingMode: 2
  m_RayTraceProcedural: 0
  m_RenderingLayerMask: 1
  m_RendererPriority: 0
  m_Materials:
  - {fileID: 2100000, guid: 933a7419e36e59f4ba0167dc2e059c8d, type: 2}
  m_StaticBatchInfo:
    firstSubMesh: 0
    subMeshCount: 0
  m_StaticBatchRoot: {fileID: 0}
  m_ProbeAnchor: {fileID: 0}
  m_LightProbeVolumeOverride: {fileID: 0}
  m_ScaleInLightmap: 1
  m_ReceiveGI: 1
  m_PreserveUVs: 0
  m_IgnoreNormalsForChartDetection: 0
  m_ImportantGI: 0
  m_StitchLightmapSeams: 1
  m_SelectedEditorRenderState: 3
  m_MinimumChartSize: 4
  m_AutoUVMaxDistance: 0.5
  m_AutoUVMaxAngle: 89
  m_LightmapParameters: {fileID: 0}
  m_SortingLayerID: 0
  m_SortingLayer: 0
  m_SortingOrder: 0
  m_AdditionalVertexStreams: {fileID: 0}
--- !u!33 &293408449
MeshFilter:
  m_ObjectHideFlags: 0
  m_CorrespondingSourceObject: {fileID: 0}
  m_PrefabInstance: {fileID: 0}
  m_PrefabAsset: {fileID: 0}
  m_GameObject: {fileID: 293408446}
  m_Mesh: {fileID: 7277889758466911630, guid: da47659372d116d47a42afda5ab2d730, type: 3}
--- !u!4 &293408450
Transform:
  m_ObjectHideFlags: 0
  m_CorrespondingSourceObject: {fileID: 0}
  m_PrefabInstance: {fileID: 0}
  m_PrefabAsset: {fileID: 0}
  m_GameObject: {fileID: 293408446}
  m_LocalRotation: {x: -0.7071068, y: 0, z: -0, w: 0.7071067}
  m_LocalPosition: {x: -22.59, y: 8.25, z: -5.03}
  m_LocalScale: {x: 10.343401, y: 2.0791, z: 0.46305}
  m_Children: []
  m_Father: {fileID: 0}
  m_RootOrder: 29
  m_LocalEulerAnglesHint: {x: 0, y: 0, z: 0}
--- !u!1 &405973223
GameObject:
  m_ObjectHideFlags: 0
  m_CorrespondingSourceObject: {fileID: 0}
  m_PrefabInstance: {fileID: 0}
  m_PrefabAsset: {fileID: 0}
  serializedVersion: 6
  m_Component:
  - component: {fileID: 405973228}
  - component: {fileID: 405973227}
  - component: {fileID: 405973226}
  - component: {fileID: 405973225}
  - component: {fileID: 405973224}
  m_Layer: 2
  m_Name: Spikes (8)
  m_TagString: Untagged
  m_Icon: {fileID: 0}
  m_NavMeshLayer: 0
  m_StaticEditorFlags: 0
  m_IsActive: 1
--- !u!114 &405973224
MonoBehaviour:
  m_ObjectHideFlags: 0
  m_CorrespondingSourceObject: {fileID: 0}
  m_PrefabInstance: {fileID: 0}
  m_PrefabAsset: {fileID: 0}
  m_GameObject: {fileID: 405973223}
  m_Enabled: 1
  m_EditorHideFlags: 0
  m_Script: {fileID: 11500000, guid: 543a0b6bd40bfad4fb32e13132ef9365, type: 3}
  m_Name: 
  m_EditorClassIdentifier: 
--- !u!65 &405973225
BoxCollider:
  m_ObjectHideFlags: 0
  m_CorrespondingSourceObject: {fileID: 0}
  m_PrefabInstance: {fileID: 0}
  m_PrefabAsset: {fileID: 0}
  m_GameObject: {fileID: 405973223}
  m_Material: {fileID: 0}
  m_IsTrigger: 0
  m_Enabled: 1
  serializedVersion: 2
  m_Size: {x: 0.5449981, y: 0.61138237, z: 0.38520753}
  m_Center: {x: -0.0025195929, y: 0.022566138, z: 0.16336975}
--- !u!23 &405973226
MeshRenderer:
  m_ObjectHideFlags: 0
  m_CorrespondingSourceObject: {fileID: 0}
  m_PrefabInstance: {fileID: 0}
  m_PrefabAsset: {fileID: 0}
  m_GameObject: {fileID: 405973223}
  m_Enabled: 1
  m_CastShadows: 1
  m_ReceiveShadows: 1
  m_DynamicOccludee: 1
  m_MotionVectors: 1
  m_LightProbeUsage: 1
  m_ReflectionProbeUsage: 1
  m_RayTracingMode: 2
  m_RayTraceProcedural: 0
  m_RenderingLayerMask: 1
  m_RendererPriority: 0
  m_Materials:
  - {fileID: 7110725429059472100, guid: 7dc928584686bc441ba50dd92032142e, type: 3}
  m_StaticBatchInfo:
    firstSubMesh: 0
    subMeshCount: 0
  m_StaticBatchRoot: {fileID: 0}
  m_ProbeAnchor: {fileID: 0}
  m_LightProbeVolumeOverride: {fileID: 0}
  m_ScaleInLightmap: 1
  m_ReceiveGI: 1
  m_PreserveUVs: 0
  m_IgnoreNormalsForChartDetection: 0
  m_ImportantGI: 0
  m_StitchLightmapSeams: 1
  m_SelectedEditorRenderState: 3
  m_MinimumChartSize: 4
  m_AutoUVMaxDistance: 0.5
  m_AutoUVMaxAngle: 89
  m_LightmapParameters: {fileID: 0}
  m_SortingLayerID: 0
  m_SortingLayer: 0
  m_SortingOrder: 0
  m_AdditionalVertexStreams: {fileID: 0}
--- !u!33 &405973227
MeshFilter:
  m_ObjectHideFlags: 0
  m_CorrespondingSourceObject: {fileID: 0}
  m_PrefabInstance: {fileID: 0}
  m_PrefabAsset: {fileID: 0}
  m_GameObject: {fileID: 405973223}
  m_Mesh: {fileID: 9188603553798411242, guid: 7dc928584686bc441ba50dd92032142e, type: 3}
--- !u!4 &405973228
Transform:
  m_ObjectHideFlags: 0
  m_CorrespondingSourceObject: {fileID: 0}
  m_PrefabInstance: {fileID: 0}
  m_PrefabAsset: {fileID: 0}
  m_GameObject: {fileID: 405973223}
  m_LocalRotation: {x: -0.7071068, y: 0, z: -0, w: 0.7071067}
  m_LocalPosition: {x: -15.28, y: 5.67, z: -8.48}
  m_LocalScale: {x: 1.8348689, y: 1.6356375, z: 5.15}
  m_Children: []
  m_Father: {fileID: 0}
  m_RootOrder: 20
  m_LocalEulerAnglesHint: {x: 0, y: 0, z: 0}
--- !u!1 &437295804
GameObject:
  m_ObjectHideFlags: 0
  m_CorrespondingSourceObject: {fileID: 0}
  m_PrefabInstance: {fileID: 0}
  m_PrefabAsset: {fileID: 0}
  serializedVersion: 6
  m_Component:
  - component: {fileID: 437295808}
  - component: {fileID: 437295807}
  - component: {fileID: 437295806}
  - component: {fileID: 437295805}
  m_Layer: 0
  m_Name: GroundTile1M (12)
  m_TagString: Untagged
  m_Icon: {fileID: 0}
  m_NavMeshLayer: 0
  m_StaticEditorFlags: 0
  m_IsActive: 1
--- !u!65 &437295805
BoxCollider:
  m_ObjectHideFlags: 0
  m_CorrespondingSourceObject: {fileID: 0}
  m_PrefabInstance: {fileID: 0}
  m_PrefabAsset: {fileID: 0}
  m_GameObject: {fileID: 437295804}
  m_Material: {fileID: 0}
  m_IsTrigger: 0
  m_Enabled: 1
  serializedVersion: 2
  m_Size: {x: 1, y: 0.9999999, z: 0.9999999}
  m_Center: {x: 0, y: 0, z: 0.49999994}
--- !u!23 &437295806
MeshRenderer:
  m_ObjectHideFlags: 0
  m_CorrespondingSourceObject: {fileID: 0}
  m_PrefabInstance: {fileID: 0}
  m_PrefabAsset: {fileID: 0}
  m_GameObject: {fileID: 437295804}
  m_Enabled: 1
  m_CastShadows: 1
  m_ReceiveShadows: 1
  m_DynamicOccludee: 1
  m_MotionVectors: 1
  m_LightProbeUsage: 1
  m_ReflectionProbeUsage: 1
  m_RayTracingMode: 2
  m_RayTraceProcedural: 0
  m_RenderingLayerMask: 1
  m_RendererPriority: 0
  m_Materials:
  - {fileID: 2100000, guid: 933a7419e36e59f4ba0167dc2e059c8d, type: 2}
  m_StaticBatchInfo:
    firstSubMesh: 0
    subMeshCount: 0
  m_StaticBatchRoot: {fileID: 0}
  m_ProbeAnchor: {fileID: 0}
  m_LightProbeVolumeOverride: {fileID: 0}
  m_ScaleInLightmap: 1
  m_ReceiveGI: 1
  m_PreserveUVs: 0
  m_IgnoreNormalsForChartDetection: 0
  m_ImportantGI: 0
  m_StitchLightmapSeams: 1
  m_SelectedEditorRenderState: 3
  m_MinimumChartSize: 4
  m_AutoUVMaxDistance: 0.5
  m_AutoUVMaxAngle: 89
  m_LightmapParameters: {fileID: 0}
  m_SortingLayerID: 0
  m_SortingLayer: 0
  m_SortingOrder: 0
  m_AdditionalVertexStreams: {fileID: 0}
--- !u!33 &437295807
MeshFilter:
  m_ObjectHideFlags: 0
  m_CorrespondingSourceObject: {fileID: 0}
  m_PrefabInstance: {fileID: 0}
  m_PrefabAsset: {fileID: 0}
  m_GameObject: {fileID: 437295804}
  m_Mesh: {fileID: 7277889758466911630, guid: da47659372d116d47a42afda5ab2d730, type: 3}
--- !u!4 &437295808
Transform:
  m_ObjectHideFlags: 0
  m_CorrespondingSourceObject: {fileID: 0}
  m_PrefabInstance: {fileID: 0}
  m_PrefabAsset: {fileID: 0}
  m_GameObject: {fileID: 437295804}
  m_LocalRotation: {x: -0.7071068, y: 0, z: -0, w: 0.7071067}
  m_LocalPosition: {x: -15.98, y: 7.71, z: 12.88}
  m_LocalScale: {x: 2.6629088, y: 2.0791, z: 0.2}
  m_Children: []
  m_Father: {fileID: 0}
  m_RootOrder: 23
  m_LocalEulerAnglesHint: {x: 0, y: 0, z: 0}
--- !u!1 &455156007
GameObject:
  m_ObjectHideFlags: 0
  m_CorrespondingSourceObject: {fileID: 0}
  m_PrefabInstance: {fileID: 0}
  m_PrefabAsset: {fileID: 0}
  serializedVersion: 6
  m_Component:
  - component: {fileID: 455156012}
  - component: {fileID: 455156011}
  - component: {fileID: 455156010}
  - component: {fileID: 455156009}
  - component: {fileID: 455156008}
  m_Layer: 2
  m_Name: Spikes (4)
  m_TagString: Untagged
  m_Icon: {fileID: 0}
  m_NavMeshLayer: 0
  m_StaticEditorFlags: 0
  m_IsActive: 1
--- !u!114 &455156008
MonoBehaviour:
  m_ObjectHideFlags: 0
  m_CorrespondingSourceObject: {fileID: 0}
  m_PrefabInstance: {fileID: 0}
  m_PrefabAsset: {fileID: 0}
  m_GameObject: {fileID: 455156007}
  m_Enabled: 1
  m_EditorHideFlags: 0
  m_Script: {fileID: 11500000, guid: 543a0b6bd40bfad4fb32e13132ef9365, type: 3}
  m_Name: 
  m_EditorClassIdentifier: 
--- !u!65 &455156009
BoxCollider:
  m_ObjectHideFlags: 0
  m_CorrespondingSourceObject: {fileID: 0}
  m_PrefabInstance: {fileID: 0}
  m_PrefabAsset: {fileID: 0}
  m_GameObject: {fileID: 455156007}
  m_Material: {fileID: 0}
  m_IsTrigger: 0
  m_Enabled: 1
  serializedVersion: 2
  m_Size: {x: 0.5449981, y: 0.61138237, z: 0.38520753}
  m_Center: {x: -0.0025195929, y: 0.022566138, z: 0.16336975}
--- !u!23 &455156010
MeshRenderer:
  m_ObjectHideFlags: 0
  m_CorrespondingSourceObject: {fileID: 0}
  m_PrefabInstance: {fileID: 0}
  m_PrefabAsset: {fileID: 0}
  m_GameObject: {fileID: 455156007}
  m_Enabled: 1
  m_CastShadows: 1
  m_ReceiveShadows: 1
  m_DynamicOccludee: 1
  m_MotionVectors: 1
  m_LightProbeUsage: 1
  m_ReflectionProbeUsage: 1
  m_RayTracingMode: 2
  m_RayTraceProcedural: 0
  m_RenderingLayerMask: 1
  m_RendererPriority: 0
  m_Materials:
  - {fileID: 7110725429059472100, guid: 7dc928584686bc441ba50dd92032142e, type: 3}
  m_StaticBatchInfo:
    firstSubMesh: 0
    subMeshCount: 0
  m_StaticBatchRoot: {fileID: 0}
  m_ProbeAnchor: {fileID: 0}
  m_LightProbeVolumeOverride: {fileID: 0}
  m_ScaleInLightmap: 1
  m_ReceiveGI: 1
  m_PreserveUVs: 0
  m_IgnoreNormalsForChartDetection: 0
  m_ImportantGI: 0
  m_StitchLightmapSeams: 1
  m_SelectedEditorRenderState: 3
  m_MinimumChartSize: 4
  m_AutoUVMaxDistance: 0.5
  m_AutoUVMaxAngle: 89
  m_LightmapParameters: {fileID: 0}
  m_SortingLayerID: 0
  m_SortingLayer: 0
  m_SortingOrder: 0
  m_AdditionalVertexStreams: {fileID: 0}
--- !u!33 &455156011
MeshFilter:
  m_ObjectHideFlags: 0
  m_CorrespondingSourceObject: {fileID: 0}
  m_PrefabInstance: {fileID: 0}
  m_PrefabAsset: {fileID: 0}
  m_GameObject: {fileID: 455156007}
  m_Mesh: {fileID: 9188603553798411242, guid: 7dc928584686bc441ba50dd92032142e, type: 3}
--- !u!4 &455156012
Transform:
  m_ObjectHideFlags: 0
  m_CorrespondingSourceObject: {fileID: 0}
  m_PrefabInstance: {fileID: 0}
  m_PrefabAsset: {fileID: 0}
  m_GameObject: {fileID: 455156007}
  m_LocalRotation: {x: -0.7071068, y: 0, z: -0, w: 0.7071067}
  m_LocalPosition: {x: -16.618, y: 7.211, z: -7.4}
  m_LocalScale: {x: 1.8348689, y: 1.6356375, z: 5.15}
  m_Children: []
  m_Father: {fileID: 0}
  m_RootOrder: 16
  m_LocalEulerAnglesHint: {x: 0, y: 0, z: 0}
--- !u!1 &494260093
GameObject:
  m_ObjectHideFlags: 0
  m_CorrespondingSourceObject: {fileID: 0}
  m_PrefabInstance: {fileID: 0}
  m_PrefabAsset: {fileID: 0}
  serializedVersion: 6
  m_Component:
  - component: {fileID: 494260097}
  - component: {fileID: 494260096}
  - component: {fileID: 494260095}
  - component: {fileID: 494260094}
  m_Layer: 0
  m_Name: GroundTile5M (2)
  m_TagString: Untagged
  m_Icon: {fileID: 0}
  m_NavMeshLayer: 0
  m_StaticEditorFlags: 0
  m_IsActive: 1
--- !u!65 &494260094
BoxCollider:
  m_ObjectHideFlags: 0
  m_CorrespondingSourceObject: {fileID: 0}
  m_PrefabInstance: {fileID: 0}
  m_PrefabAsset: {fileID: 0}
  m_GameObject: {fileID: 494260093}
  m_Material: {fileID: 0}
  m_IsTrigger: 0
  m_Enabled: 1
  serializedVersion: 2
  m_Size: {x: 5, y: 4.9999995, z: 0.9999999}
  m_Center: {x: 0, y: 0, z: 0.49999994}
--- !u!23 &494260095
MeshRenderer:
  m_ObjectHideFlags: 0
  m_CorrespondingSourceObject: {fileID: 0}
  m_PrefabInstance: {fileID: 0}
  m_PrefabAsset: {fileID: 0}
  m_GameObject: {fileID: 494260093}
  m_Enabled: 1
  m_CastShadows: 1
  m_ReceiveShadows: 1
  m_DynamicOccludee: 1
  m_MotionVectors: 1
  m_LightProbeUsage: 1
  m_ReflectionProbeUsage: 1
  m_RayTracingMode: 2
  m_RayTraceProcedural: 0
  m_RenderingLayerMask: 1
  m_RendererPriority: 0
  m_Materials:
  - {fileID: 2100000, guid: 933a7419e36e59f4ba0167dc2e059c8d, type: 2}
  m_StaticBatchInfo:
    firstSubMesh: 0
    subMeshCount: 0
  m_StaticBatchRoot: {fileID: 0}
  m_ProbeAnchor: {fileID: 0}
  m_LightProbeVolumeOverride: {fileID: 0}
  m_ScaleInLightmap: 1
  m_ReceiveGI: 1
  m_PreserveUVs: 0
  m_IgnoreNormalsForChartDetection: 0
  m_ImportantGI: 0
  m_StitchLightmapSeams: 1
  m_SelectedEditorRenderState: 3
  m_MinimumChartSize: 4
  m_AutoUVMaxDistance: 0.5
  m_AutoUVMaxAngle: 89
  m_LightmapParameters: {fileID: 0}
  m_SortingLayerID: 0
  m_SortingLayer: 0
  m_SortingOrder: 0
  m_AdditionalVertexStreams: {fileID: 0}
--- !u!33 &494260096
MeshFilter:
  m_ObjectHideFlags: 0
  m_CorrespondingSourceObject: {fileID: 0}
  m_PrefabInstance: {fileID: 0}
  m_PrefabAsset: {fileID: 0}
  m_GameObject: {fileID: 494260093}
  m_Mesh: {fileID: 4389714244963534607, guid: 52951a3a88edf2a44a824d67b26d46a8, type: 3}
--- !u!4 &494260097
Transform:
  m_ObjectHideFlags: 0
  m_CorrespondingSourceObject: {fileID: 0}
  m_PrefabInstance: {fileID: 0}
  m_PrefabAsset: {fileID: 0}
  m_GameObject: {fileID: 494260093}
  m_LocalRotation: {x: -0.7071068, y: 0, z: -0, w: 0.7071067}
  m_LocalPosition: {x: -15.55, y: 4.58, z: 14.57}
  m_LocalScale: {x: 1, y: 1, z: 1}
  m_Children: []
  m_Father: {fileID: 0}
  m_RootOrder: 22
  m_LocalEulerAnglesHint: {x: 0, y: 0, z: 0}
--- !u!1001 &512362596
PrefabInstance:
  m_ObjectHideFlags: 0
  serializedVersion: 2
  m_Modification:
    m_TransformParent: {fileID: 0}
    m_Modifications:
    - target: {fileID: -8679921383154817045, guid: da47659372d116d47a42afda5ab2d730, type: 3}
      propertyPath: m_RootOrder
      value: 10
      objectReference: {fileID: 0}
    - target: {fileID: -8679921383154817045, guid: da47659372d116d47a42afda5ab2d730, type: 3}
      propertyPath: m_LocalScale.x
      value: 10.343401
      objectReference: {fileID: 0}
    - target: {fileID: -8679921383154817045, guid: da47659372d116d47a42afda5ab2d730, type: 3}
      propertyPath: m_LocalScale.y
      value: 2.0791
      objectReference: {fileID: 0}
    - target: {fileID: -8679921383154817045, guid: da47659372d116d47a42afda5ab2d730, type: 3}
      propertyPath: m_LocalScale.z
      value: 0.46305
      objectReference: {fileID: 0}
    - target: {fileID: -8679921383154817045, guid: da47659372d116d47a42afda5ab2d730, type: 3}
      propertyPath: m_LocalPosition.x
      value: -3.54
      objectReference: {fileID: 0}
    - target: {fileID: -8679921383154817045, guid: da47659372d116d47a42afda5ab2d730, type: 3}
      propertyPath: m_LocalPosition.y
      value: 1.9
      objectReference: {fileID: 0}
    - target: {fileID: -8679921383154817045, guid: da47659372d116d47a42afda5ab2d730, type: 3}
      propertyPath: m_LocalPosition.z
      value: 6.67
      objectReference: {fileID: 0}
    - target: {fileID: -8679921383154817045, guid: da47659372d116d47a42afda5ab2d730, type: 3}
      propertyPath: m_LocalRotation.w
      value: 0.7071067
      objectReference: {fileID: 0}
    - target: {fileID: -8679921383154817045, guid: da47659372d116d47a42afda5ab2d730, type: 3}
      propertyPath: m_LocalRotation.x
      value: -0.7071068
      objectReference: {fileID: 0}
    - target: {fileID: -8679921383154817045, guid: da47659372d116d47a42afda5ab2d730, type: 3}
      propertyPath: m_LocalRotation.y
      value: 0
      objectReference: {fileID: 0}
    - target: {fileID: -8679921383154817045, guid: da47659372d116d47a42afda5ab2d730, type: 3}
      propertyPath: m_LocalRotation.z
      value: -0
      objectReference: {fileID: 0}
    - target: {fileID: -8679921383154817045, guid: da47659372d116d47a42afda5ab2d730, type: 3}
      propertyPath: m_LocalEulerAnglesHint.x
      value: 0
      objectReference: {fileID: 0}
    - target: {fileID: -8679921383154817045, guid: da47659372d116d47a42afda5ab2d730, type: 3}
      propertyPath: m_LocalEulerAnglesHint.y
      value: 0
      objectReference: {fileID: 0}
    - target: {fileID: -8679921383154817045, guid: da47659372d116d47a42afda5ab2d730, type: 3}
      propertyPath: m_LocalEulerAnglesHint.z
      value: 0
      objectReference: {fileID: 0}
    - target: {fileID: -7511558181221131132, guid: da47659372d116d47a42afda5ab2d730, type: 3}
      propertyPath: m_Materials.Array.data[0]
      value: 
      objectReference: {fileID: 2100000, guid: 933a7419e36e59f4ba0167dc2e059c8d, type: 2}
    - target: {fileID: 919132149155446097, guid: da47659372d116d47a42afda5ab2d730, type: 3}
      propertyPath: m_Name
      value: GroundTile1M (6)
      objectReference: {fileID: 0}
    m_RemovedComponents: []
  m_SourcePrefab: {fileID: 100100000, guid: da47659372d116d47a42afda5ab2d730, type: 3}
--- !u!1 &512362597 stripped
GameObject:
  m_CorrespondingSourceObject: {fileID: 919132149155446097, guid: da47659372d116d47a42afda5ab2d730, type: 3}
  m_PrefabInstance: {fileID: 512362596}
  m_PrefabAsset: {fileID: 0}
--- !u!65 &512362598
BoxCollider:
  m_ObjectHideFlags: 0
  m_CorrespondingSourceObject: {fileID: 0}
  m_PrefabInstance: {fileID: 0}
  m_PrefabAsset: {fileID: 0}
  m_GameObject: {fileID: 512362597}
  m_Material: {fileID: 0}
  m_IsTrigger: 0
  m_Enabled: 1
  serializedVersion: 2
  m_Size: {x: 1, y: 0.9999999, z: 0.9999999}
  m_Center: {x: 0, y: 0, z: 0.49999994}
--- !u!1001 &528488013
PrefabInstance:
  m_ObjectHideFlags: 0
  serializedVersion: 2
  m_Modification:
    m_TransformParent: {fileID: 0}
    m_Modifications:
    - target: {fileID: 2335330041702661599, guid: 0058136e7e1a9d44a8ca19ced6d5727d, type: 3}
      propertyPath: m_Name
      value: Flag Variant
      objectReference: {fileID: 0}
    - target: {fileID: 3108348922612705125, guid: 0058136e7e1a9d44a8ca19ced6d5727d, type: 3}
      propertyPath: m_RootOrder
      value: 3
      objectReference: {fileID: 0}
    - target: {fileID: 3108348922612705125, guid: 0058136e7e1a9d44a8ca19ced6d5727d, type: 3}
      propertyPath: m_LocalScale.x
      value: 0.2615139
      objectReference: {fileID: 0}
    - target: {fileID: 3108348922612705125, guid: 0058136e7e1a9d44a8ca19ced6d5727d, type: 3}
      propertyPath: m_LocalScale.y
      value: 0.033777118
      objectReference: {fileID: 0}
    - target: {fileID: 3108348922612705125, guid: 0058136e7e1a9d44a8ca19ced6d5727d, type: 3}
      propertyPath: m_LocalScale.z
      value: 0.26209462
      objectReference: {fileID: 0}
    - target: {fileID: 3108348922612705125, guid: 0058136e7e1a9d44a8ca19ced6d5727d, type: 3}
      propertyPath: m_LocalPosition.x
      value: -28.89
      objectReference: {fileID: 0}
    - target: {fileID: 3108348922612705125, guid: 0058136e7e1a9d44a8ca19ced6d5727d, type: 3}
      propertyPath: m_LocalPosition.y
      value: 8.17
      objectReference: {fileID: 0}
    - target: {fileID: 3108348922612705125, guid: 0058136e7e1a9d44a8ca19ced6d5727d, type: 3}
      propertyPath: m_LocalPosition.z
      value: -11.92
      objectReference: {fileID: 0}
    - target: {fileID: 3108348922612705125, guid: 0058136e7e1a9d44a8ca19ced6d5727d, type: 3}
      propertyPath: m_LocalRotation.w
      value: 0.5000007
      objectReference: {fileID: 0}
    - target: {fileID: 3108348922612705125, guid: 0058136e7e1a9d44a8ca19ced6d5727d, type: 3}
      propertyPath: m_LocalRotation.x
      value: -0.5000008
      objectReference: {fileID: 0}
    - target: {fileID: 3108348922612705125, guid: 0058136e7e1a9d44a8ca19ced6d5727d, type: 3}
      propertyPath: m_LocalRotation.y
      value: -0.49999923
      objectReference: {fileID: 0}
    - target: {fileID: 3108348922612705125, guid: 0058136e7e1a9d44a8ca19ced6d5727d, type: 3}
      propertyPath: m_LocalRotation.z
      value: -0.49999928
      objectReference: {fileID: 0}
    - target: {fileID: 3108348922612705125, guid: 0058136e7e1a9d44a8ca19ced6d5727d, type: 3}
      propertyPath: m_LocalEulerAnglesHint.x
      value: -90
      objectReference: {fileID: 0}
    - target: {fileID: 3108348922612705125, guid: 0058136e7e1a9d44a8ca19ced6d5727d, type: 3}
      propertyPath: m_LocalEulerAnglesHint.y
      value: 0
      objectReference: {fileID: 0}
    - target: {fileID: 3108348922612705125, guid: 0058136e7e1a9d44a8ca19ced6d5727d, type: 3}
      propertyPath: m_LocalEulerAnglesHint.z
      value: -90
      objectReference: {fileID: 0}
    m_RemovedComponents: []
  m_SourcePrefab: {fileID: 100100000, guid: 0058136e7e1a9d44a8ca19ced6d5727d, type: 3}
--- !u!1 &666553315
GameObject:
  m_ObjectHideFlags: 0
  m_CorrespondingSourceObject: {fileID: 0}
  m_PrefabInstance: {fileID: 0}
  m_PrefabAsset: {fileID: 0}
  serializedVersion: 6
  m_Component:
  - component: {fileID: 666553320}
  - component: {fileID: 666553319}
  - component: {fileID: 666553318}
  - component: {fileID: 666553317}
  - component: {fileID: 666553316}
  m_Layer: 2
  m_Name: Spikes (9)
  m_TagString: Untagged
  m_Icon: {fileID: 0}
  m_NavMeshLayer: 0
  m_StaticEditorFlags: 0
  m_IsActive: 1
--- !u!114 &666553316
MonoBehaviour:
  m_ObjectHideFlags: 0
  m_CorrespondingSourceObject: {fileID: 0}
  m_PrefabInstance: {fileID: 0}
  m_PrefabAsset: {fileID: 0}
  m_GameObject: {fileID: 666553315}
  m_Enabled: 1
  m_EditorHideFlags: 0
  m_Script: {fileID: 11500000, guid: 543a0b6bd40bfad4fb32e13132ef9365, type: 3}
  m_Name: 
  m_EditorClassIdentifier: 
--- !u!65 &666553317
BoxCollider:
  m_ObjectHideFlags: 0
  m_CorrespondingSourceObject: {fileID: 0}
  m_PrefabInstance: {fileID: 0}
  m_PrefabAsset: {fileID: 0}
  m_GameObject: {fileID: 666553315}
  m_Material: {fileID: 0}
  m_IsTrigger: 0
  m_Enabled: 1
  serializedVersion: 2
  m_Size: {x: 0.5449981, y: 0.61138237, z: 0.38520753}
  m_Center: {x: -0.0025195929, y: 0.022566138, z: 0.16336975}
--- !u!23 &666553318
MeshRenderer:
  m_ObjectHideFlags: 0
  m_CorrespondingSourceObject: {fileID: 0}
  m_PrefabInstance: {fileID: 0}
  m_PrefabAsset: {fileID: 0}
  m_GameObject: {fileID: 666553315}
  m_Enabled: 1
  m_CastShadows: 1
  m_ReceiveShadows: 1
  m_DynamicOccludee: 1
  m_MotionVectors: 1
  m_LightProbeUsage: 1
  m_ReflectionProbeUsage: 1
  m_RayTracingMode: 2
  m_RayTraceProcedural: 0
  m_RenderingLayerMask: 1
  m_RendererPriority: 0
  m_Materials:
  - {fileID: 7110725429059472100, guid: 7dc928584686bc441ba50dd92032142e, type: 3}
  m_StaticBatchInfo:
    firstSubMesh: 0
    subMeshCount: 0
  m_StaticBatchRoot: {fileID: 0}
  m_ProbeAnchor: {fileID: 0}
  m_LightProbeVolumeOverride: {fileID: 0}
  m_ScaleInLightmap: 1
  m_ReceiveGI: 1
  m_PreserveUVs: 0
  m_IgnoreNormalsForChartDetection: 0
  m_ImportantGI: 0
  m_StitchLightmapSeams: 1
  m_SelectedEditorRenderState: 3
  m_MinimumChartSize: 4
  m_AutoUVMaxDistance: 0.5
  m_AutoUVMaxAngle: 89
  m_LightmapParameters: {fileID: 0}
  m_SortingLayerID: 0
  m_SortingLayer: 0
  m_SortingOrder: 0
  m_AdditionalVertexStreams: {fileID: 0}
--- !u!33 &666553319
MeshFilter:
  m_ObjectHideFlags: 0
  m_CorrespondingSourceObject: {fileID: 0}
  m_PrefabInstance: {fileID: 0}
  m_PrefabAsset: {fileID: 0}
  m_GameObject: {fileID: 666553315}
  m_Mesh: {fileID: 9188603553798411242, guid: 7dc928584686bc441ba50dd92032142e, type: 3}
--- !u!4 &666553320
Transform:
  m_ObjectHideFlags: 0
  m_CorrespondingSourceObject: {fileID: 0}
  m_PrefabInstance: {fileID: 0}
  m_PrefabAsset: {fileID: 0}
  m_GameObject: {fileID: 666553315}
  m_LocalRotation: {x: -0.7071068, y: 0, z: -0, w: 0.7071067}
  m_LocalPosition: {x: -15.28, y: 7.33, z: -8.48}
  m_LocalScale: {x: 1.8348689, y: 1.6356375, z: 5.15}
  m_Children: []
  m_Father: {fileID: 0}
  m_RootOrder: 21
  m_LocalEulerAnglesHint: {x: 0, y: 0, z: 0}
--- !u!1001 &668581181
PrefabInstance:
  m_ObjectHideFlags: 0
  serializedVersion: 2
  m_Modification:
    m_TransformParent: {fileID: 0}
    m_Modifications:
    - target: {fileID: 6467288031878665734, guid: 52c2adf2a8bea644ebc477d8359aff01, type: 3}
      propertyPath: m_LocalRotation.w
      value: 0.995333
      objectReference: {fileID: 0}
    - target: {fileID: 6467288031878665734, guid: 52c2adf2a8bea644ebc477d8359aff01, type: 3}
      propertyPath: m_LocalRotation.x
      value: 0.09649989
      objectReference: {fileID: 0}
    - target: {fileID: 6467288031878665734, guid: 52c2adf2a8bea644ebc477d8359aff01, type: 3}
      propertyPath: m_LocalRotation.y
      value: 0.000000008563039
      objectReference: {fileID: 0}
    - target: {fileID: 6467288031878665734, guid: 52c2adf2a8bea644ebc477d8359aff01, type: 3}
      propertyPath: m_LocalRotation.z
      value: -8.30207e-10
      objectReference: {fileID: 0}
    - target: {fileID: 6467288032438388084, guid: 52c2adf2a8bea644ebc477d8359aff01, type: 3}
      propertyPath: m_LocalRotation.w
      value: 0.9933075
      objectReference: {fileID: 0}
    - target: {fileID: 6467288032438388084, guid: 52c2adf2a8bea644ebc477d8359aff01, type: 3}
      propertyPath: m_LocalRotation.x
      value: 0.11550042
      objectReference: {fileID: 0}
    - target: {fileID: 6467288032438388084, guid: 52c2adf2a8bea644ebc477d8359aff01, type: 3}
      propertyPath: m_LocalRotation.y
      value: -0.000000004272806
      objectReference: {fileID: 0}
    - target: {fileID: 6467288032438388084, guid: 52c2adf2a8bea644ebc477d8359aff01, type: 3}
      propertyPath: m_LocalRotation.z
      value: 4.96836e-10
      objectReference: {fileID: 0}
    - target: {fileID: 6467288032447687847, guid: 52c2adf2a8bea644ebc477d8359aff01, type: 3}
      propertyPath: m_LocalPosition.x
      value: 0
      objectReference: {fileID: 0}
    - target: {fileID: 6467288032447687847, guid: 52c2adf2a8bea644ebc477d8359aff01, type: 3}
      propertyPath: m_LocalPosition.z
      value: 0
      objectReference: {fileID: 0}
    - target: {fileID: 6467288032447687847, guid: 52c2adf2a8bea644ebc477d8359aff01, type: 3}
      propertyPath: m_LocalRotation.x
      value: 0.07551708
      objectReference: {fileID: 0}
    - target: {fileID: 6467288032447687847, guid: 52c2adf2a8bea644ebc477d8359aff01, type: 3}
      propertyPath: m_LocalRotation.y
      value: 9.431564e-10
      objectReference: {fileID: 0}
    - target: {fileID: 6467288032447687847, guid: 52c2adf2a8bea644ebc477d8359aff01, type: 3}
      propertyPath: m_LocalRotation.z
      value: -7.1428384e-11
      objectReference: {fileID: 0}
    - target: {fileID: 6467288033000485380, guid: 52c2adf2a8bea644ebc477d8359aff01, type: 3}
      propertyPath: m_Follow
      value: 
      objectReference: {fileID: 116999396}
    - target: {fileID: 6467288033000485380, guid: 52c2adf2a8bea644ebc477d8359aff01, type: 3}
      propertyPath: m_LookAt
      value: 
      objectReference: {fileID: 116999396}
    - target: {fileID: 6467288033000485381, guid: 52c2adf2a8bea644ebc477d8359aff01, type: 3}
      propertyPath: m_RootOrder
      value: 4
      objectReference: {fileID: 0}
    - target: {fileID: 6467288033000485381, guid: 52c2adf2a8bea644ebc477d8359aff01, type: 3}
      propertyPath: m_LocalPosition.x
      value: 0.03
      objectReference: {fileID: 0}
    - target: {fileID: 6467288033000485381, guid: 52c2adf2a8bea644ebc477d8359aff01, type: 3}
      propertyPath: m_LocalPosition.y
      value: 4.359
      objectReference: {fileID: 0}
    - target: {fileID: 6467288033000485381, guid: 52c2adf2a8bea644ebc477d8359aff01, type: 3}
      propertyPath: m_LocalPosition.z
      value: -13.21
      objectReference: {fileID: 0}
    - target: {fileID: 6467288033000485381, guid: 52c2adf2a8bea644ebc477d8359aff01, type: 3}
      propertyPath: m_LocalRotation.w
      value: 1
      objectReference: {fileID: 0}
    - target: {fileID: 6467288033000485381, guid: 52c2adf2a8bea644ebc477d8359aff01, type: 3}
      propertyPath: m_LocalRotation.x
      value: 0
      objectReference: {fileID: 0}
    - target: {fileID: 6467288033000485381, guid: 52c2adf2a8bea644ebc477d8359aff01, type: 3}
      propertyPath: m_LocalRotation.y
      value: 0
      objectReference: {fileID: 0}
    - target: {fileID: 6467288033000485381, guid: 52c2adf2a8bea644ebc477d8359aff01, type: 3}
      propertyPath: m_LocalRotation.z
      value: 0
      objectReference: {fileID: 0}
    - target: {fileID: 6467288033000485381, guid: 52c2adf2a8bea644ebc477d8359aff01, type: 3}
      propertyPath: m_LocalEulerAnglesHint.x
      value: 0
      objectReference: {fileID: 0}
    - target: {fileID: 6467288033000485381, guid: 52c2adf2a8bea644ebc477d8359aff01, type: 3}
      propertyPath: m_LocalEulerAnglesHint.y
      value: 0
      objectReference: {fileID: 0}
    - target: {fileID: 6467288033000485381, guid: 52c2adf2a8bea644ebc477d8359aff01, type: 3}
      propertyPath: m_LocalEulerAnglesHint.z
      value: 0
      objectReference: {fileID: 0}
    - target: {fileID: 6467288033000485383, guid: 52c2adf2a8bea644ebc477d8359aff01, type: 3}
      propertyPath: m_Name
      value: CM FreeLook
      objectReference: {fileID: 0}
    - target: {fileID: 6467288033000485435, guid: 52c2adf2a8bea644ebc477d8359aff01, type: 3}
      propertyPath: overTheShoulderCamera
      value: 
      objectReference: {fileID: 116999395}
    m_RemovedComponents: []
  m_SourcePrefab: {fileID: 100100000, guid: 52c2adf2a8bea644ebc477d8359aff01, type: 3}
--- !u!1 &1010262473
GameObject:
  m_ObjectHideFlags: 0
  m_CorrespondingSourceObject: {fileID: 0}
  m_PrefabInstance: {fileID: 0}
  m_PrefabAsset: {fileID: 0}
  serializedVersion: 6
  m_Component:
  - component: {fileID: 1010262474}
  m_Layer: 0
  m_Name: ---------------------
  m_TagString: Untagged
  m_Icon: {fileID: 0}
  m_NavMeshLayer: 0
  m_StaticEditorFlags: 0
  m_IsActive: 1
--- !u!4 &1010262474
Transform:
  m_ObjectHideFlags: 0
  m_CorrespondingSourceObject: {fileID: 0}
  m_PrefabInstance: {fileID: 0}
  m_PrefabAsset: {fileID: 0}
  m_GameObject: {fileID: 1010262473}
  m_LocalRotation: {x: 0, y: 0, z: 0, w: 1}
  m_LocalPosition: {x: 27.56277, y: 12.418504, z: 28.17095}
  m_LocalScale: {x: 1, y: 1, z: 1}
  m_Children: []
  m_Father: {fileID: 0}
  m_RootOrder: 5
  m_LocalEulerAnglesHint: {x: 0, y: 0, z: 0}
--- !u!1 &1097901093
GameObject:
  m_ObjectHideFlags: 0
  m_CorrespondingSourceObject: {fileID: 0}
  m_PrefabInstance: {fileID: 0}
  m_PrefabAsset: {fileID: 0}
  serializedVersion: 6
  m_Component:
  - component: {fileID: 1097901098}
  - component: {fileID: 1097901097}
  - component: {fileID: 1097901096}
  - component: {fileID: 1097901095}
  - component: {fileID: 1097901094}
  m_Layer: 2
  m_Name: Spikes (13)
  m_TagString: Untagged
  m_Icon: {fileID: 0}
  m_NavMeshLayer: 0
  m_StaticEditorFlags: 0
  m_IsActive: 1
--- !u!114 &1097901094
MonoBehaviour:
  m_ObjectHideFlags: 0
  m_CorrespondingSourceObject: {fileID: 0}
  m_PrefabInstance: {fileID: 0}
  m_PrefabAsset: {fileID: 0}
  m_GameObject: {fileID: 1097901093}
  m_Enabled: 1
  m_EditorHideFlags: 0
  m_Script: {fileID: 11500000, guid: 543a0b6bd40bfad4fb32e13132ef9365, type: 3}
  m_Name: 
  m_EditorClassIdentifier: 
--- !u!65 &1097901095
BoxCollider:
  m_ObjectHideFlags: 0
  m_CorrespondingSourceObject: {fileID: 0}
  m_PrefabInstance: {fileID: 0}
  m_PrefabAsset: {fileID: 0}
  m_GameObject: {fileID: 1097901093}
  m_Material: {fileID: 0}
  m_IsTrigger: 0
  m_Enabled: 1
  serializedVersion: 2
  m_Size: {x: 0.5449981, y: 0.61138237, z: 0.38520753}
  m_Center: {x: -0.0025195929, y: 0.022566138, z: 0.16336975}
--- !u!23 &1097901096
MeshRenderer:
  m_ObjectHideFlags: 0
  m_CorrespondingSourceObject: {fileID: 0}
  m_PrefabInstance: {fileID: 0}
  m_PrefabAsset: {fileID: 0}
  m_GameObject: {fileID: 1097901093}
  m_Enabled: 1
  m_CastShadows: 1
  m_ReceiveShadows: 1
  m_DynamicOccludee: 1
  m_MotionVectors: 1
  m_LightProbeUsage: 1
  m_ReflectionProbeUsage: 1
  m_RayTracingMode: 2
  m_RayTraceProcedural: 0
  m_RenderingLayerMask: 1
  m_RendererPriority: 0
  m_Materials:
  - {fileID: 7110725429059472100, guid: 7dc928584686bc441ba50dd92032142e, type: 3}
  m_StaticBatchInfo:
    firstSubMesh: 0
    subMeshCount: 0
  m_StaticBatchRoot: {fileID: 0}
  m_ProbeAnchor: {fileID: 0}
  m_LightProbeVolumeOverride: {fileID: 0}
  m_ScaleInLightmap: 1
  m_ReceiveGI: 1
  m_PreserveUVs: 0
  m_IgnoreNormalsForChartDetection: 0
  m_ImportantGI: 0
  m_StitchLightmapSeams: 1
  m_SelectedEditorRenderState: 3
  m_MinimumChartSize: 4
  m_AutoUVMaxDistance: 0.5
  m_AutoUVMaxAngle: 89
  m_LightmapParameters: {fileID: 0}
  m_SortingLayerID: 0
  m_SortingLayer: 0
  m_SortingOrder: 0
  m_AdditionalVertexStreams: {fileID: 0}
--- !u!33 &1097901097
MeshFilter:
  m_ObjectHideFlags: 0
  m_CorrespondingSourceObject: {fileID: 0}
  m_PrefabInstance: {fileID: 0}
  m_PrefabAsset: {fileID: 0}
  m_GameObject: {fileID: 1097901093}
  m_Mesh: {fileID: 9188603553798411242, guid: 7dc928584686bc441ba50dd92032142e, type: 3}
--- !u!4 &1097901098
Transform:
  m_ObjectHideFlags: 0
  m_CorrespondingSourceObject: {fileID: 0}
  m_PrefabInstance: {fileID: 0}
  m_PrefabAsset: {fileID: 0}
  m_GameObject: {fileID: 1097901093}
  m_LocalRotation: {x: -0.7071068, y: 0, z: -0, w: 0.7071067}
  m_LocalPosition: {x: -13.3, y: 7.33, z: -8.48}
  m_LocalScale: {x: 1.8348689, y: 1.6356375, z: 5.15}
  m_Children: []
  m_Father: {fileID: 0}
  m_RootOrder: 27
  m_LocalEulerAnglesHint: {x: 0, y: 0, z: 0}
--- !u!1001 &1117795689
PrefabInstance:
  m_ObjectHideFlags: 0
  serializedVersion: 2
  m_Modification:
    m_TransformParent: {fileID: 0}
    m_Modifications:
    - target: {fileID: -8679921383154817045, guid: da47659372d116d47a42afda5ab2d730, type: 3}
      propertyPath: m_RootOrder
      value: 13
      objectReference: {fileID: 0}
    - target: {fileID: -8679921383154817045, guid: da47659372d116d47a42afda5ab2d730, type: 3}
      propertyPath: m_LocalScale.x
      value: 10.343401
      objectReference: {fileID: 0}
    - target: {fileID: -8679921383154817045, guid: da47659372d116d47a42afda5ab2d730, type: 3}
      propertyPath: m_LocalScale.y
      value: 2.0791
      objectReference: {fileID: 0}
    - target: {fileID: -8679921383154817045, guid: da47659372d116d47a42afda5ab2d730, type: 3}
      propertyPath: m_LocalScale.z
      value: 0.46305
      objectReference: {fileID: 0}
    - target: {fileID: -8679921383154817045, guid: da47659372d116d47a42afda5ab2d730, type: 3}
      propertyPath: m_LocalPosition.x
      value: -3.54
      objectReference: {fileID: 0}
    - target: {fileID: -8679921383154817045, guid: da47659372d116d47a42afda5ab2d730, type: 3}
      propertyPath: m_LocalPosition.y
      value: 5.32
      objectReference: {fileID: 0}
    - target: {fileID: -8679921383154817045, guid: da47659372d116d47a42afda5ab2d730, type: 3}
      propertyPath: m_LocalPosition.z
      value: 6.67
      objectReference: {fileID: 0}
    - target: {fileID: -8679921383154817045, guid: da47659372d116d47a42afda5ab2d730, type: 3}
      propertyPath: m_LocalRotation.w
      value: 0.7071067
      objectReference: {fileID: 0}
    - target: {fileID: -8679921383154817045, guid: da47659372d116d47a42afda5ab2d730, type: 3}
      propertyPath: m_LocalRotation.x
      value: -0.7071068
      objectReference: {fileID: 0}
    - target: {fileID: -8679921383154817045, guid: da47659372d116d47a42afda5ab2d730, type: 3}
      propertyPath: m_LocalRotation.y
      value: 0
      objectReference: {fileID: 0}
    - target: {fileID: -8679921383154817045, guid: da47659372d116d47a42afda5ab2d730, type: 3}
      propertyPath: m_LocalRotation.z
      value: -0
      objectReference: {fileID: 0}
    - target: {fileID: -8679921383154817045, guid: da47659372d116d47a42afda5ab2d730, type: 3}
      propertyPath: m_LocalEulerAnglesHint.x
      value: 0
      objectReference: {fileID: 0}
    - target: {fileID: -8679921383154817045, guid: da47659372d116d47a42afda5ab2d730, type: 3}
      propertyPath: m_LocalEulerAnglesHint.y
      value: 0
      objectReference: {fileID: 0}
    - target: {fileID: -8679921383154817045, guid: da47659372d116d47a42afda5ab2d730, type: 3}
      propertyPath: m_LocalEulerAnglesHint.z
      value: 0
      objectReference: {fileID: 0}
    - target: {fileID: -7511558181221131132, guid: da47659372d116d47a42afda5ab2d730, type: 3}
      propertyPath: m_Materials.Array.data[0]
      value: 
      objectReference: {fileID: 2100000, guid: 933a7419e36e59f4ba0167dc2e059c8d, type: 2}
    - target: {fileID: 919132149155446097, guid: da47659372d116d47a42afda5ab2d730, type: 3}
      propertyPath: m_Name
      value: GroundTile1M (8)
      objectReference: {fileID: 0}
    m_RemovedComponents: []
  m_SourcePrefab: {fileID: 100100000, guid: da47659372d116d47a42afda5ab2d730, type: 3}
--- !u!1 &1117795690 stripped
GameObject:
  m_CorrespondingSourceObject: {fileID: 919132149155446097, guid: da47659372d116d47a42afda5ab2d730, type: 3}
  m_PrefabInstance: {fileID: 1117795689}
  m_PrefabAsset: {fileID: 0}
--- !u!65 &1117795691
BoxCollider:
  m_ObjectHideFlags: 0
  m_CorrespondingSourceObject: {fileID: 0}
  m_PrefabInstance: {fileID: 0}
  m_PrefabAsset: {fileID: 0}
  m_GameObject: {fileID: 1117795690}
  m_Material: {fileID: 0}
  m_IsTrigger: 0
  m_Enabled: 1
  serializedVersion: 2
  m_Size: {x: 1, y: 0.9999999, z: 0.9999999}
  m_Center: {x: 0, y: 0, z: 0.49999994}
--- !u!1001 &1328827209
PrefabInstance:
  m_ObjectHideFlags: 0
  serializedVersion: 2
  m_Modification:
    m_TransformParent: {fileID: 0}
    m_Modifications:
    - target: {fileID: -8679921383154817045, guid: da47659372d116d47a42afda5ab2d730, type: 3}
      propertyPath: m_RootOrder
      value: 8
      objectReference: {fileID: 0}
    - target: {fileID: -8679921383154817045, guid: da47659372d116d47a42afda5ab2d730, type: 3}
      propertyPath: m_LocalScale.x
      value: 10.343401
      objectReference: {fileID: 0}
    - target: {fileID: -8679921383154817045, guid: da47659372d116d47a42afda5ab2d730, type: 3}
      propertyPath: m_LocalScale.y
      value: 2.0791
      objectReference: {fileID: 0}
    - target: {fileID: -8679921383154817045, guid: da47659372d116d47a42afda5ab2d730, type: 3}
      propertyPath: m_LocalScale.z
      value: 0.44726
      objectReference: {fileID: 0}
    - target: {fileID: -8679921383154817045, guid: da47659372d116d47a42afda5ab2d730, type: 3}
      propertyPath: m_LocalPosition.x
      value: -0.61
      objectReference: {fileID: 0}
    - target: {fileID: -8679921383154817045, guid: da47659372d116d47a42afda5ab2d730, type: 3}
      propertyPath: m_LocalPosition.y
      value: 0.27637
      objectReference: {fileID: 0}
    - target: {fileID: -8679921383154817045, guid: da47659372d116d47a42afda5ab2d730, type: 3}
      propertyPath: m_LocalPosition.z
      value: 6.67
      objectReference: {fileID: 0}
    - target: {fileID: -8679921383154817045, guid: da47659372d116d47a42afda5ab2d730, type: 3}
      propertyPath: m_LocalRotation.w
      value: 0.7071067
      objectReference: {fileID: 0}
    - target: {fileID: -8679921383154817045, guid: da47659372d116d47a42afda5ab2d730, type: 3}
      propertyPath: m_LocalRotation.x
      value: -0.7071068
      objectReference: {fileID: 0}
    - target: {fileID: -8679921383154817045, guid: da47659372d116d47a42afda5ab2d730, type: 3}
      propertyPath: m_LocalRotation.y
      value: 0
      objectReference: {fileID: 0}
    - target: {fileID: -8679921383154817045, guid: da47659372d116d47a42afda5ab2d730, type: 3}
      propertyPath: m_LocalRotation.z
      value: -0
      objectReference: {fileID: 0}
    - target: {fileID: -8679921383154817045, guid: da47659372d116d47a42afda5ab2d730, type: 3}
      propertyPath: m_LocalEulerAnglesHint.x
      value: 0
      objectReference: {fileID: 0}
    - target: {fileID: -8679921383154817045, guid: da47659372d116d47a42afda5ab2d730, type: 3}
      propertyPath: m_LocalEulerAnglesHint.y
      value: 0
      objectReference: {fileID: 0}
    - target: {fileID: -8679921383154817045, guid: da47659372d116d47a42afda5ab2d730, type: 3}
      propertyPath: m_LocalEulerAnglesHint.z
      value: 0
      objectReference: {fileID: 0}
    - target: {fileID: -7511558181221131132, guid: da47659372d116d47a42afda5ab2d730, type: 3}
      propertyPath: m_Materials.Array.data[0]
      value: 
      objectReference: {fileID: 2100000, guid: 933a7419e36e59f4ba0167dc2e059c8d, type: 2}
    - target: {fileID: 919132149155446097, guid: da47659372d116d47a42afda5ab2d730, type: 3}
      propertyPath: m_Name
      value: GroundTile1M (5)
      objectReference: {fileID: 0}
    m_RemovedComponents: []
  m_SourcePrefab: {fileID: 100100000, guid: da47659372d116d47a42afda5ab2d730, type: 3}
--- !u!1 &1328827210 stripped
GameObject:
  m_CorrespondingSourceObject: {fileID: 919132149155446097, guid: da47659372d116d47a42afda5ab2d730, type: 3}
  m_PrefabInstance: {fileID: 1328827209}
  m_PrefabAsset: {fileID: 0}
--- !u!65 &1328827211
BoxCollider:
  m_ObjectHideFlags: 0
  m_CorrespondingSourceObject: {fileID: 0}
  m_PrefabInstance: {fileID: 0}
  m_PrefabAsset: {fileID: 0}
  m_GameObject: {fileID: 1328827210}
  m_Material: {fileID: 0}
  m_IsTrigger: 0
  m_Enabled: 1
  serializedVersion: 2
  m_Size: {x: 1, y: 0.9999999, z: 0.9999999}
  m_Center: {x: 0, y: 0, z: 0.49999994}
--- !u!1 &1370759314
GameObject:
  m_ObjectHideFlags: 0
  m_CorrespondingSourceObject: {fileID: 0}
  m_PrefabInstance: {fileID: 0}
  m_PrefabAsset: {fileID: 0}
  serializedVersion: 6
  m_Component:
  - component: {fileID: 1370759319}
  - component: {fileID: 1370759318}
  - component: {fileID: 1370759317}
  - component: {fileID: 1370759316}
  - component: {fileID: 1370759315}
  m_Layer: 2
  m_Name: Spikes (5)
  m_TagString: Untagged
  m_Icon: {fileID: 0}
  m_NavMeshLayer: 0
  m_StaticEditorFlags: 0
  m_IsActive: 1
--- !u!114 &1370759315
MonoBehaviour:
  m_ObjectHideFlags: 0
  m_CorrespondingSourceObject: {fileID: 0}
  m_PrefabInstance: {fileID: 0}
  m_PrefabAsset: {fileID: 0}
  m_GameObject: {fileID: 1370759314}
  m_Enabled: 1
  m_EditorHideFlags: 0
  m_Script: {fileID: 11500000, guid: 543a0b6bd40bfad4fb32e13132ef9365, type: 3}
  m_Name: 
  m_EditorClassIdentifier: 
--- !u!65 &1370759316
BoxCollider:
  m_ObjectHideFlags: 0
  m_CorrespondingSourceObject: {fileID: 0}
  m_PrefabInstance: {fileID: 0}
  m_PrefabAsset: {fileID: 0}
  m_GameObject: {fileID: 1370759314}
  m_Material: {fileID: 0}
  m_IsTrigger: 0
  m_Enabled: 1
  serializedVersion: 2
  m_Size: {x: 0.5449981, y: 0.61138237, z: 0.38520753}
  m_Center: {x: -0.0025195929, y: 0.022566138, z: 0.16336975}
--- !u!23 &1370759317
MeshRenderer:
  m_ObjectHideFlags: 0
  m_CorrespondingSourceObject: {fileID: 0}
  m_PrefabInstance: {fileID: 0}
  m_PrefabAsset: {fileID: 0}
  m_GameObject: {fileID: 1370759314}
  m_Enabled: 1
  m_CastShadows: 1
  m_ReceiveShadows: 1
  m_DynamicOccludee: 1
  m_MotionVectors: 1
  m_LightProbeUsage: 1
  m_ReflectionProbeUsage: 1
  m_RayTracingMode: 2
  m_RayTraceProcedural: 0
  m_RenderingLayerMask: 1
  m_RendererPriority: 0
  m_Materials:
  - {fileID: 7110725429059472100, guid: 7dc928584686bc441ba50dd92032142e, type: 3}
  m_StaticBatchInfo:
    firstSubMesh: 0
    subMeshCount: 0
  m_StaticBatchRoot: {fileID: 0}
  m_ProbeAnchor: {fileID: 0}
  m_LightProbeVolumeOverride: {fileID: 0}
  m_ScaleInLightmap: 1
  m_ReceiveGI: 1
  m_PreserveUVs: 0
  m_IgnoreNormalsForChartDetection: 0
  m_ImportantGI: 0
  m_StitchLightmapSeams: 1
  m_SelectedEditorRenderState: 3
  m_MinimumChartSize: 4
  m_AutoUVMaxDistance: 0.5
  m_AutoUVMaxAngle: 89
  m_LightmapParameters: {fileID: 0}
  m_SortingLayerID: 0
  m_SortingLayer: 0
  m_SortingOrder: 0
  m_AdditionalVertexStreams: {fileID: 0}
--- !u!33 &1370759318
MeshFilter:
  m_ObjectHideFlags: 0
  m_CorrespondingSourceObject: {fileID: 0}
  m_PrefabInstance: {fileID: 0}
  m_PrefabAsset: {fileID: 0}
  m_GameObject: {fileID: 1370759314}
  m_Mesh: {fileID: 9188603553798411242, guid: 7dc928584686bc441ba50dd92032142e, type: 3}
--- !u!4 &1370759319
Transform:
  m_ObjectHideFlags: 0
  m_CorrespondingSourceObject: {fileID: 0}
  m_PrefabInstance: {fileID: 0}
  m_PrefabAsset: {fileID: 0}
  m_GameObject: {fileID: 1370759314}
  m_LocalRotation: {x: -0.7071068, y: 0, z: -0, w: 0.7071067}
  m_LocalPosition: {x: -16.603, y: 8.895, z: -7.4}
  m_LocalScale: {x: 1.8348689, y: 1.6356375, z: 5.15}
  m_Children: []
  m_Father: {fileID: 0}
  m_RootOrder: 17
  m_LocalEulerAnglesHint: {x: 0, y: 0, z: 0}
--- !u!1001 &1459352489
PrefabInstance:
  m_ObjectHideFlags: 0
  serializedVersion: 2
  m_Modification:
    m_TransformParent: {fileID: 0}
    m_Modifications:
    - target: {fileID: 3980845447161392803, guid: 0824898090dba0b469704c329df8a79f, type: 3}
      propertyPath: m_Name
      value: OtherBody (1)
      objectReference: {fileID: 0}
    - target: {fileID: 3980845447161392809, guid: 0824898090dba0b469704c329df8a79f, type: 3}
      propertyPath: m_RootOrder
      value: 9
      objectReference: {fileID: 0}
    - target: {fileID: 3980845447161392809, guid: 0824898090dba0b469704c329df8a79f, type: 3}
      propertyPath: m_LocalPosition.x
      value: -0.55
      objectReference: {fileID: 0}
    - target: {fileID: 3980845447161392809, guid: 0824898090dba0b469704c329df8a79f, type: 3}
      propertyPath: m_LocalPosition.y
      value: 1.29
      objectReference: {fileID: 0}
    - target: {fileID: 3980845447161392809, guid: 0824898090dba0b469704c329df8a79f, type: 3}
      propertyPath: m_LocalPosition.z
      value: 6.66
      objectReference: {fileID: 0}
    - target: {fileID: 3980845447161392809, guid: 0824898090dba0b469704c329df8a79f, type: 3}
      propertyPath: m_LocalRotation.w
      value: 0.70710784
      objectReference: {fileID: 0}
    - target: {fileID: 3980845447161392809, guid: 0824898090dba0b469704c329df8a79f, type: 3}
      propertyPath: m_LocalRotation.x
      value: -0
      objectReference: {fileID: 0}
    - target: {fileID: 3980845447161392809, guid: 0824898090dba0b469704c329df8a79f, type: 3}
      propertyPath: m_LocalRotation.y
      value: 0.70710576
      objectReference: {fileID: 0}
    - target: {fileID: 3980845447161392809, guid: 0824898090dba0b469704c329df8a79f, type: 3}
      propertyPath: m_LocalRotation.z
      value: -0
      objectReference: {fileID: 0}
    - target: {fileID: 3980845447161392809, guid: 0824898090dba0b469704c329df8a79f, type: 3}
      propertyPath: m_LocalEulerAnglesHint.x
      value: 0
      objectReference: {fileID: 0}
    - target: {fileID: 3980845447161392809, guid: 0824898090dba0b469704c329df8a79f, type: 3}
      propertyPath: m_LocalEulerAnglesHint.y
      value: 90
      objectReference: {fileID: 0}
    - target: {fileID: 3980845447161392809, guid: 0824898090dba0b469704c329df8a79f, type: 3}
      propertyPath: m_LocalEulerAnglesHint.z
      value: 0
      objectReference: {fileID: 0}
    m_RemovedComponents: []
  m_SourcePrefab: {fileID: 100100000, guid: 0824898090dba0b469704c329df8a79f, type: 3}
--- !u!1001 &1475660609
PrefabInstance:
  m_ObjectHideFlags: 0
  serializedVersion: 2
  m_Modification:
    m_TransformParent: {fileID: 0}
    m_Modifications:
    - target: {fileID: -8679921383154817045, guid: da47659372d116d47a42afda5ab2d730, type: 3}
      propertyPath: m_RootOrder
      value: 14
      objectReference: {fileID: 0}
    - target: {fileID: -8679921383154817045, guid: da47659372d116d47a42afda5ab2d730, type: 3}
      propertyPath: m_LocalScale.x
      value: 10.343401
      objectReference: {fileID: 0}
    - target: {fileID: -8679921383154817045, guid: da47659372d116d47a42afda5ab2d730, type: 3}
      propertyPath: m_LocalScale.y
      value: 2.0791
      objectReference: {fileID: 0}
    - target: {fileID: -8679921383154817045, guid: da47659372d116d47a42afda5ab2d730, type: 3}
      propertyPath: m_LocalScale.z
      value: 0.46305
      objectReference: {fileID: 0}
    - target: {fileID: -8679921383154817045, guid: da47659372d116d47a42afda5ab2d730, type: 3}
      propertyPath: m_LocalPosition.x
      value: -12.21
      objectReference: {fileID: 0}
    - target: {fileID: -8679921383154817045, guid: da47659372d116d47a42afda5ab2d730, type: 3}
      propertyPath: m_LocalPosition.y
      value: 5.32
      objectReference: {fileID: 0}
    - target: {fileID: -8679921383154817045, guid: da47659372d116d47a42afda5ab2d730, type: 3}
      propertyPath: m_LocalPosition.z
      value: -7.42
      objectReference: {fileID: 0}
    - target: {fileID: -8679921383154817045, guid: da47659372d116d47a42afda5ab2d730, type: 3}
      propertyPath: m_LocalRotation.w
      value: 0.7071067
      objectReference: {fileID: 0}
    - target: {fileID: -8679921383154817045, guid: da47659372d116d47a42afda5ab2d730, type: 3}
      propertyPath: m_LocalRotation.x
      value: -0.7071068
      objectReference: {fileID: 0}
    - target: {fileID: -8679921383154817045, guid: da47659372d116d47a42afda5ab2d730, type: 3}
      propertyPath: m_LocalRotation.y
      value: 0
      objectReference: {fileID: 0}
    - target: {fileID: -8679921383154817045, guid: da47659372d116d47a42afda5ab2d730, type: 3}
      propertyPath: m_LocalRotation.z
      value: -0
      objectReference: {fileID: 0}
    - target: {fileID: -8679921383154817045, guid: da47659372d116d47a42afda5ab2d730, type: 3}
      propertyPath: m_LocalEulerAnglesHint.x
      value: 0
      objectReference: {fileID: 0}
    - target: {fileID: -8679921383154817045, guid: da47659372d116d47a42afda5ab2d730, type: 3}
      propertyPath: m_LocalEulerAnglesHint.y
      value: 0
      objectReference: {fileID: 0}
    - target: {fileID: -8679921383154817045, guid: da47659372d116d47a42afda5ab2d730, type: 3}
      propertyPath: m_LocalEulerAnglesHint.z
      value: 0
      objectReference: {fileID: 0}
    - target: {fileID: -7511558181221131132, guid: da47659372d116d47a42afda5ab2d730, type: 3}
      propertyPath: m_Materials.Array.data[0]
      value: 
      objectReference: {fileID: 2100000, guid: 933a7419e36e59f4ba0167dc2e059c8d, type: 2}
    - target: {fileID: 919132149155446097, guid: da47659372d116d47a42afda5ab2d730, type: 3}
      propertyPath: m_Name
      value: GroundTile1M (10)
      objectReference: {fileID: 0}
    m_RemovedComponents: []
  m_SourcePrefab: {fileID: 100100000, guid: da47659372d116d47a42afda5ab2d730, type: 3}
--- !u!1 &1475660610 stripped
GameObject:
  m_CorrespondingSourceObject: {fileID: 919132149155446097, guid: da47659372d116d47a42afda5ab2d730, type: 3}
  m_PrefabInstance: {fileID: 1475660609}
  m_PrefabAsset: {fileID: 0}
--- !u!65 &1475660611
BoxCollider:
  m_ObjectHideFlags: 0
  m_CorrespondingSourceObject: {fileID: 0}
  m_PrefabInstance: {fileID: 0}
  m_PrefabAsset: {fileID: 0}
  m_GameObject: {fileID: 1475660610}
  m_Material: {fileID: 0}
  m_IsTrigger: 0
  m_Enabled: 1
  serializedVersion: 2
  m_Size: {x: 1, y: 0.9999999, z: 0.9999999}
  m_Center: {x: 0, y: 0, z: 0.49999994}
--- !u!1 &1542281788
GameObject:
  m_ObjectHideFlags: 0
  m_CorrespondingSourceObject: {fileID: 0}
  m_PrefabInstance: {fileID: 0}
  m_PrefabAsset: {fileID: 0}
  serializedVersion: 6
  m_Component:
  - component: {fileID: 1542281792}
  - component: {fileID: 1542281791}
  - component: {fileID: 1542281790}
  - component: {fileID: 1542281789}
  m_Layer: 0
  m_Name: GroundTile1M (9)
  m_TagString: Untagged
  m_Icon: {fileID: 0}
  m_NavMeshLayer: 0
  m_StaticEditorFlags: 0
  m_IsActive: 1
--- !u!65 &1542281789
BoxCollider:
  m_ObjectHideFlags: 0
  m_CorrespondingSourceObject: {fileID: 0}
  m_PrefabInstance: {fileID: 0}
  m_PrefabAsset: {fileID: 0}
  m_GameObject: {fileID: 1542281788}
  m_Material: {fileID: 0}
  m_IsTrigger: 0
  m_Enabled: 1
  serializedVersion: 2
  m_Size: {x: 1, y: 0.9999999, z: 0.9999999}
  m_Center: {x: 0, y: 0, z: 0.49999994}
--- !u!23 &1542281790
MeshRenderer:
  m_ObjectHideFlags: 0
  m_CorrespondingSourceObject: {fileID: 0}
  m_PrefabInstance: {fileID: 0}
  m_PrefabAsset: {fileID: 0}
  m_GameObject: {fileID: 1542281788}
  m_Enabled: 1
  m_CastShadows: 1
  m_ReceiveShadows: 1
  m_DynamicOccludee: 1
  m_MotionVectors: 1
  m_LightProbeUsage: 1
  m_ReflectionProbeUsage: 1
  m_RayTracingMode: 2
  m_RayTraceProcedural: 0
  m_RenderingLayerMask: 1
  m_RendererPriority: 0
  m_Materials:
  - {fileID: 2100000, guid: 933a7419e36e59f4ba0167dc2e059c8d, type: 2}
  m_StaticBatchInfo:
    firstSubMesh: 0
    subMeshCount: 0
  m_StaticBatchRoot: {fileID: 0}
  m_ProbeAnchor: {fileID: 0}
  m_LightProbeVolumeOverride: {fileID: 0}
  m_ScaleInLightmap: 1
  m_ReceiveGI: 1
  m_PreserveUVs: 0
  m_IgnoreNormalsForChartDetection: 0
  m_ImportantGI: 0
  m_StitchLightmapSeams: 1
  m_SelectedEditorRenderState: 3
  m_MinimumChartSize: 4
  m_AutoUVMaxDistance: 0.5
  m_AutoUVMaxAngle: 89
  m_LightmapParameters: {fileID: 0}
  m_SortingLayerID: 0
  m_SortingLayer: 0
  m_SortingOrder: 0
  m_AdditionalVertexStreams: {fileID: 0}
--- !u!33 &1542281791
MeshFilter:
  m_ObjectHideFlags: 0
  m_CorrespondingSourceObject: {fileID: 0}
  m_PrefabInstance: {fileID: 0}
  m_PrefabAsset: {fileID: 0}
  m_GameObject: {fileID: 1542281788}
  m_Mesh: {fileID: 7277889758466911630, guid: da47659372d116d47a42afda5ab2d730, type: 3}
--- !u!4 &1542281792
Transform:
  m_ObjectHideFlags: 0
  m_CorrespondingSourceObject: {fileID: 0}
  m_PrefabInstance: {fileID: 0}
  m_PrefabAsset: {fileID: 0}
  m_GameObject: {fileID: 1542281788}
  m_LocalRotation: {x: -0.7071068, y: 0, z: -0, w: 0.7071067}
  m_LocalPosition: {x: -15.98, y: 6.69, z: 10.23}
  m_LocalScale: {x: 2.6629088, y: 2.0791, z: 0.2}
  m_Children: []
  m_Father: {fileID: 0}
  m_RootOrder: 19
  m_LocalEulerAnglesHint: {x: 0, y: 0, z: 0}
--- !u!1001 &1684663514
PrefabInstance:
  m_ObjectHideFlags: 0
  serializedVersion: 2
  m_Modification:
    m_TransformParent: {fileID: 0}
    m_Modifications:
    - target: {fileID: 3980845447161392803, guid: 0824898090dba0b469704c329df8a79f, type: 3}
      propertyPath: m_Name
      value: OtherBody (2)
      objectReference: {fileID: 0}
    - target: {fileID: 3980845447161392809, guid: 0824898090dba0b469704c329df8a79f, type: 3}
      propertyPath: m_RootOrder
      value: 11
      objectReference: {fileID: 0}
    - target: {fileID: 3980845447161392809, guid: 0824898090dba0b469704c329df8a79f, type: 3}
      propertyPath: m_LocalPosition.x
      value: -7.59
      objectReference: {fileID: 0}
    - target: {fileID: 3980845447161392809, guid: 0824898090dba0b469704c329df8a79f, type: 3}
      propertyPath: m_LocalPosition.y
      value: 6.36
      objectReference: {fileID: 0}
    - target: {fileID: 3980845447161392809, guid: 0824898090dba0b469704c329df8a79f, type: 3}
      propertyPath: m_LocalPosition.z
      value: -7.23
      objectReference: {fileID: 0}
    - target: {fileID: 3980845447161392809, guid: 0824898090dba0b469704c329df8a79f, type: 3}
      propertyPath: m_LocalRotation.w
      value: 0.70710784
      objectReference: {fileID: 0}
    - target: {fileID: 3980845447161392809, guid: 0824898090dba0b469704c329df8a79f, type: 3}
      propertyPath: m_LocalRotation.x
      value: -0
      objectReference: {fileID: 0}
    - target: {fileID: 3980845447161392809, guid: 0824898090dba0b469704c329df8a79f, type: 3}
      propertyPath: m_LocalRotation.y
      value: 0.70710576
      objectReference: {fileID: 0}
    - target: {fileID: 3980845447161392809, guid: 0824898090dba0b469704c329df8a79f, type: 3}
      propertyPath: m_LocalRotation.z
      value: -0
      objectReference: {fileID: 0}
    - target: {fileID: 3980845447161392809, guid: 0824898090dba0b469704c329df8a79f, type: 3}
      propertyPath: m_LocalEulerAnglesHint.x
      value: 0
      objectReference: {fileID: 0}
    - target: {fileID: 3980845447161392809, guid: 0824898090dba0b469704c329df8a79f, type: 3}
      propertyPath: m_LocalEulerAnglesHint.y
      value: 90
      objectReference: {fileID: 0}
    - target: {fileID: 3980845447161392809, guid: 0824898090dba0b469704c329df8a79f, type: 3}
      propertyPath: m_LocalEulerAnglesHint.z
      value: 0
      objectReference: {fileID: 0}
    m_RemovedComponents: []
  m_SourcePrefab: {fileID: 100100000, guid: 0824898090dba0b469704c329df8a79f, type: 3}
--- !u!1 &1723938462
GameObject:
  m_ObjectHideFlags: 0
  m_CorrespondingSourceObject: {fileID: 0}
  m_PrefabInstance: {fileID: 0}
  m_PrefabAsset: {fileID: 0}
  serializedVersion: 6
  m_Component:
  - component: {fileID: 1723938467}
  - component: {fileID: 1723938466}
  - component: {fileID: 1723938465}
  - component: {fileID: 1723938464}
  - component: {fileID: 1723938463}
  m_Layer: 2
  m_Name: Spikes (11)
  m_TagString: Untagged
  m_Icon: {fileID: 0}
  m_NavMeshLayer: 0
  m_StaticEditorFlags: 0
  m_IsActive: 1
--- !u!114 &1723938463
MonoBehaviour:
  m_ObjectHideFlags: 0
  m_CorrespondingSourceObject: {fileID: 0}
  m_PrefabInstance: {fileID: 0}
  m_PrefabAsset: {fileID: 0}
  m_GameObject: {fileID: 1723938462}
  m_Enabled: 1
  m_EditorHideFlags: 0
  m_Script: {fileID: 11500000, guid: 543a0b6bd40bfad4fb32e13132ef9365, type: 3}
  m_Name: 
  m_EditorClassIdentifier: 
--- !u!65 &1723938464
BoxCollider:
  m_ObjectHideFlags: 0
  m_CorrespondingSourceObject: {fileID: 0}
  m_PrefabInstance: {fileID: 0}
  m_PrefabAsset: {fileID: 0}
  m_GameObject: {fileID: 1723938462}
  m_Material: {fileID: 0}
  m_IsTrigger: 0
  m_Enabled: 1
  serializedVersion: 2
  m_Size: {x: 0.5449981, y: 0.61138237, z: 0.38520753}
  m_Center: {x: -0.0025195929, y: 0.022566138, z: 0.16336975}
--- !u!23 &1723938465
MeshRenderer:
  m_ObjectHideFlags: 0
  m_CorrespondingSourceObject: {fileID: 0}
  m_PrefabInstance: {fileID: 0}
  m_PrefabAsset: {fileID: 0}
  m_GameObject: {fileID: 1723938462}
  m_Enabled: 1
  m_CastShadows: 1
  m_ReceiveShadows: 1
  m_DynamicOccludee: 1
  m_MotionVectors: 1
  m_LightProbeUsage: 1
  m_ReflectionProbeUsage: 1
  m_RayTracingMode: 2
  m_RayTraceProcedural: 0
  m_RenderingLayerMask: 1
  m_RendererPriority: 0
  m_Materials:
  - {fileID: 7110725429059472100, guid: 7dc928584686bc441ba50dd92032142e, type: 3}
  m_StaticBatchInfo:
    firstSubMesh: 0
    subMeshCount: 0
  m_StaticBatchRoot: {fileID: 0}
  m_ProbeAnchor: {fileID: 0}
  m_LightProbeVolumeOverride: {fileID: 0}
  m_ScaleInLightmap: 1
  m_ReceiveGI: 1
  m_PreserveUVs: 0
  m_IgnoreNormalsForChartDetection: 0
  m_ImportantGI: 0
  m_StitchLightmapSeams: 1
  m_SelectedEditorRenderState: 3
  m_MinimumChartSize: 4
  m_AutoUVMaxDistance: 0.5
  m_AutoUVMaxAngle: 89
  m_LightmapParameters: {fileID: 0}
  m_SortingLayerID: 0
  m_SortingLayer: 0
  m_SortingOrder: 0
  m_AdditionalVertexStreams: {fileID: 0}
--- !u!33 &1723938466
MeshFilter:
  m_ObjectHideFlags: 0
  m_CorrespondingSourceObject: {fileID: 0}
  m_PrefabInstance: {fileID: 0}
  m_PrefabAsset: {fileID: 0}
  m_GameObject: {fileID: 1723938462}
  m_Mesh: {fileID: 9188603553798411242, guid: 7dc928584686bc441ba50dd92032142e, type: 3}
--- !u!4 &1723938467
Transform:
  m_ObjectHideFlags: 0
  m_CorrespondingSourceObject: {fileID: 0}
  m_PrefabInstance: {fileID: 0}
  m_PrefabAsset: {fileID: 0}
  m_GameObject: {fileID: 1723938462}
  m_LocalRotation: {x: -0.7071068, y: 0, z: -0, w: 0.7071067}
  m_LocalPosition: {x: -14.3, y: 7.33, z: -8.48}
  m_LocalScale: {x: 1.8348689, y: 1.6356375, z: 5.15}
  m_Children: []
  m_Father: {fileID: 0}
  m_RootOrder: 25
  m_LocalEulerAnglesHint: {x: 0, y: 0, z: 0}
--- !u!1 &1870172059
GameObject:
  m_ObjectHideFlags: 0
  m_CorrespondingSourceObject: {fileID: 0}
  m_PrefabInstance: {fileID: 0}
  m_PrefabAsset: {fileID: 0}
  serializedVersion: 6
  m_Component:
  - component: {fileID: 1870172063}
  - component: {fileID: 1870172062}
  - component: {fileID: 1870172061}
  - component: {fileID: 1870172060}
  m_Layer: 0
  m_Name: GroundTile1M (14)
  m_TagString: Untagged
  m_Icon: {fileID: 0}
  m_NavMeshLayer: 0
  m_StaticEditorFlags: 0
  m_IsActive: 1
--- !u!65 &1870172060
BoxCollider:
  m_ObjectHideFlags: 0
  m_CorrespondingSourceObject: {fileID: 0}
  m_PrefabInstance: {fileID: 0}
  m_PrefabAsset: {fileID: 0}
  m_GameObject: {fileID: 1870172059}
  m_Material: {fileID: 0}
  m_IsTrigger: 0
  m_Enabled: 1
  serializedVersion: 2
  m_Size: {x: 1, y: 0.9999999, z: 0.9999999}
  m_Center: {x: 0, y: 0, z: 0.49999994}
--- !u!23 &1870172061
MeshRenderer:
  m_ObjectHideFlags: 0
  m_CorrespondingSourceObject: {fileID: 0}
  m_PrefabInstance: {fileID: 0}
  m_PrefabAsset: {fileID: 0}
  m_GameObject: {fileID: 1870172059}
  m_Enabled: 1
  m_CastShadows: 1
  m_ReceiveShadows: 1
  m_DynamicOccludee: 1
  m_MotionVectors: 1
  m_LightProbeUsage: 1
  m_ReflectionProbeUsage: 1
  m_RayTracingMode: 2
  m_RayTraceProcedural: 0
  m_RenderingLayerMask: 1
  m_RendererPriority: 0
  m_Materials:
  - {fileID: 2100000, guid: 933a7419e36e59f4ba0167dc2e059c8d, type: 2}
  m_StaticBatchInfo:
    firstSubMesh: 0
    subMeshCount: 0
  m_StaticBatchRoot: {fileID: 0}
  m_ProbeAnchor: {fileID: 0}
  m_LightProbeVolumeOverride: {fileID: 0}
  m_ScaleInLightmap: 1
  m_ReceiveGI: 1
  m_PreserveUVs: 0
  m_IgnoreNormalsForChartDetection: 0
  m_ImportantGI: 0
  m_StitchLightmapSeams: 1
  m_SelectedEditorRenderState: 3
  m_MinimumChartSize: 4
  m_AutoUVMaxDistance: 0.5
  m_AutoUVMaxAngle: 89
  m_LightmapParameters: {fileID: 0}
  m_SortingLayerID: 0
  m_SortingLayer: 0
  m_SortingOrder: 0
  m_AdditionalVertexStreams: {fileID: 0}
--- !u!33 &1870172062
MeshFilter:
  m_ObjectHideFlags: 0
  m_CorrespondingSourceObject: {fileID: 0}
  m_PrefabInstance: {fileID: 0}
  m_PrefabAsset: {fileID: 0}
  m_GameObject: {fileID: 1870172059}
  m_Mesh: {fileID: 7277889758466911630, guid: da47659372d116d47a42afda5ab2d730, type: 3}
--- !u!4 &1870172063
Transform:
  m_ObjectHideFlags: 0
  m_CorrespondingSourceObject: {fileID: 0}
  m_PrefabInstance: {fileID: 0}
  m_PrefabAsset: {fileID: 0}
  m_GameObject: {fileID: 1870172059}
  m_LocalRotation: {x: -0.7071068, y: 0, z: -0, w: 0.7071067}
  m_LocalPosition: {x: -22.59, y: 8.25, z: -19.14}
  m_LocalScale: {x: 10.343401, y: 2.0791, z: 0.46305}
  m_Children: []
  m_Father: {fileID: 0}
  m_RootOrder: 30
  m_LocalEulerAnglesHint: {x: 0, y: 0, z: 0}
--- !u!1 &1881149739
GameObject:
  m_ObjectHideFlags: 0
  m_CorrespondingSourceObject: {fileID: 0}
  m_PrefabInstance: {fileID: 0}
  m_PrefabAsset: {fileID: 0}
  serializedVersion: 6
  m_Component:
  - component: {fileID: 1881149744}
  - component: {fileID: 1881149743}
  - component: {fileID: 1881149742}
  - component: {fileID: 1881149741}
  - component: {fileID: 1881149740}
  m_Layer: 2
  m_Name: Spikes (10)
  m_TagString: Untagged
  m_Icon: {fileID: 0}
  m_NavMeshLayer: 0
  m_StaticEditorFlags: 0
  m_IsActive: 1
--- !u!114 &1881149740
MonoBehaviour:
  m_ObjectHideFlags: 0
  m_CorrespondingSourceObject: {fileID: 0}
  m_PrefabInstance: {fileID: 0}
  m_PrefabAsset: {fileID: 0}
  m_GameObject: {fileID: 1881149739}
  m_Enabled: 1
  m_EditorHideFlags: 0
  m_Script: {fileID: 11500000, guid: 543a0b6bd40bfad4fb32e13132ef9365, type: 3}
  m_Name: 
  m_EditorClassIdentifier: 
--- !u!65 &1881149741
BoxCollider:
  m_ObjectHideFlags: 0
  m_CorrespondingSourceObject: {fileID: 0}
  m_PrefabInstance: {fileID: 0}
  m_PrefabAsset: {fileID: 0}
  m_GameObject: {fileID: 1881149739}
  m_Material: {fileID: 0}
  m_IsTrigger: 0
  m_Enabled: 1
  serializedVersion: 2
  m_Size: {x: 0.5449981, y: 0.61138237, z: 0.38520753}
  m_Center: {x: -0.0025195929, y: 0.022566138, z: 0.16336975}
--- !u!23 &1881149742
MeshRenderer:
  m_ObjectHideFlags: 0
  m_CorrespondingSourceObject: {fileID: 0}
  m_PrefabInstance: {fileID: 0}
  m_PrefabAsset: {fileID: 0}
  m_GameObject: {fileID: 1881149739}
  m_Enabled: 1
  m_CastShadows: 1
  m_ReceiveShadows: 1
  m_DynamicOccludee: 1
  m_MotionVectors: 1
  m_LightProbeUsage: 1
  m_ReflectionProbeUsage: 1
  m_RayTracingMode: 2
  m_RayTraceProcedural: 0
  m_RenderingLayerMask: 1
  m_RendererPriority: 0
  m_Materials:
  - {fileID: 7110725429059472100, guid: 7dc928584686bc441ba50dd92032142e, type: 3}
  m_StaticBatchInfo:
    firstSubMesh: 0
    subMeshCount: 0
  m_StaticBatchRoot: {fileID: 0}
  m_ProbeAnchor: {fileID: 0}
  m_LightProbeVolumeOverride: {fileID: 0}
  m_ScaleInLightmap: 1
  m_ReceiveGI: 1
  m_PreserveUVs: 0
  m_IgnoreNormalsForChartDetection: 0
  m_ImportantGI: 0
  m_StitchLightmapSeams: 1
  m_SelectedEditorRenderState: 3
  m_MinimumChartSize: 4
  m_AutoUVMaxDistance: 0.5
  m_AutoUVMaxAngle: 89
  m_LightmapParameters: {fileID: 0}
  m_SortingLayerID: 0
  m_SortingLayer: 0
  m_SortingOrder: 0
  m_AdditionalVertexStreams: {fileID: 0}
--- !u!33 &1881149743
MeshFilter:
  m_ObjectHideFlags: 0
  m_CorrespondingSourceObject: {fileID: 0}
  m_PrefabInstance: {fileID: 0}
  m_PrefabAsset: {fileID: 0}
  m_GameObject: {fileID: 1881149739}
  m_Mesh: {fileID: 9188603553798411242, guid: 7dc928584686bc441ba50dd92032142e, type: 3}
--- !u!4 &1881149744
Transform:
  m_ObjectHideFlags: 0
  m_CorrespondingSourceObject: {fileID: 0}
  m_PrefabInstance: {fileID: 0}
  m_PrefabAsset: {fileID: 0}
  m_GameObject: {fileID: 1881149739}
  m_LocalRotation: {x: -0.7071068, y: 0, z: -0, w: 0.7071067}
  m_LocalPosition: {x: -14.3, y: 5.67, z: -8.48}
  m_LocalScale: {x: 1.8348689, y: 1.6356375, z: 5.15}
  m_Children: []
  m_Father: {fileID: 0}
  m_RootOrder: 24
  m_LocalEulerAnglesHint: {x: 0, y: 0, z: 0}
--- !u!1 &1894491072
GameObject:
  m_ObjectHideFlags: 0
  m_CorrespondingSourceObject: {fileID: 0}
  m_PrefabInstance: {fileID: 0}
  m_PrefabAsset: {fileID: 0}
  serializedVersion: 6
  m_Component:
  - component: {fileID: 1894491078}
  - component: {fileID: 1894491077}
  - component: {fileID: 1894491076}
  - component: {fileID: 1894491075}
  - component: {fileID: 1894491074}
  - component: {fileID: 1894491073}
  m_Layer: 0
  m_Name: Main Camera
  m_TagString: MainCamera
  m_Icon: {fileID: 0}
  m_NavMeshLayer: 0
  m_StaticEditorFlags: 0
  m_IsActive: 1
--- !u!114 &1894491073
MonoBehaviour:
  m_ObjectHideFlags: 0
  m_CorrespondingSourceObject: {fileID: 0}
  m_PrefabInstance: {fileID: 0}
  m_PrefabAsset: {fileID: 0}
  m_GameObject: {fileID: 1894491072}
  m_Enabled: 1
  m_EditorHideFlags: 0
  m_Script: {fileID: 11500000, guid: 8b4b340dfe95bca4ea2943f5c8e5cdda, type: 3}
  m_Name: 
  m_EditorClassIdentifier: 
--- !u!114 &1894491074
MonoBehaviour:
  m_ObjectHideFlags: 0
  m_CorrespondingSourceObject: {fileID: 0}
  m_PrefabInstance: {fileID: 0}
  m_PrefabAsset: {fileID: 0}
  m_GameObject: {fileID: 1894491072}
  m_Enabled: 1
  m_EditorHideFlags: 0
  m_Script: {fileID: 11500000, guid: 72ece51f2901e7445ab60da3685d6b5f, type: 3}
  m_Name: 
  m_EditorClassIdentifier: 
  m_ShowDebugText: 0
  m_ShowCameraFrustum: 1
  m_IgnoreTimeScale: 1
  m_WorldUpOverride: {fileID: 0}
  m_UpdateMethod: 1
  m_BlendUpdateMethod: 1
  m_DefaultBlend:
    m_Style: 1
    m_Time: 0.25
    m_CustomCurve:
      serializedVersion: 2
      m_Curve: []
      m_PreInfinity: 2
      m_PostInfinity: 2
      m_RotationOrder: 4
  m_CustomBlends: {fileID: 0}
  m_CameraCutEvent:
    m_PersistentCalls:
      m_Calls: []
  m_CameraActivatedEvent:
    m_PersistentCalls:
      m_Calls: []
--- !u!114 &1894491075
MonoBehaviour:
  m_ObjectHideFlags: 0
  m_CorrespondingSourceObject: {fileID: 0}
  m_PrefabInstance: {fileID: 0}
  m_PrefabAsset: {fileID: 0}
  m_GameObject: {fileID: 1894491072}
  m_Enabled: 1
  m_EditorHideFlags: 0
  m_Script: {fileID: 11500000, guid: a79441f348de89743a2939f4d699eac1, type: 3}
  m_Name: 
  m_EditorClassIdentifier: 
  m_RenderShadows: 1
  m_RequiresDepthTextureOption: 2
  m_RequiresOpaqueTextureOption: 2
  m_CameraType: 0
  m_Cameras: []
  m_RendererIndex: -1
  m_VolumeLayerMask:
    serializedVersion: 2
    m_Bits: 1
  m_VolumeTrigger: {fileID: 0}
  m_RenderPostProcessing: 1
  m_Antialiasing: 1
  m_AntialiasingQuality: 2
  m_StopNaN: 1
  m_Dithering: 0
  m_ClearDepth: 1
  m_RequiresDepthTexture: 0
  m_RequiresColorTexture: 0
  m_Version: 2
--- !u!81 &1894491076
AudioListener:
  m_ObjectHideFlags: 0
  m_CorrespondingSourceObject: {fileID: 0}
  m_PrefabInstance: {fileID: 0}
  m_PrefabAsset: {fileID: 0}
  m_GameObject: {fileID: 1894491072}
  m_Enabled: 1
--- !u!20 &1894491077
Camera:
  m_ObjectHideFlags: 0
  m_CorrespondingSourceObject: {fileID: 0}
  m_PrefabInstance: {fileID: 0}
  m_PrefabAsset: {fileID: 0}
  m_GameObject: {fileID: 1894491072}
  m_Enabled: 1
  serializedVersion: 2
  m_ClearFlags: 1
  m_BackGroundColor: {r: 0.19215687, g: 0.3019608, b: 0.4745098, a: 0}
  m_projectionMatrixMode: 1
  m_GateFitMode: 2
  m_FOVAxisMode: 0
  m_SensorSize: {x: 36, y: 24}
  m_LensShift: {x: 0, y: 0}
  m_FocalLength: 50
  m_NormalizedViewPortRect:
    serializedVersion: 2
    x: 0
    y: 0
    width: 1
    height: 1
  near clip plane: 0.1
  far clip plane: 5000
  field of view: 40
  orthographic: 0
  orthographic size: 5
  m_Depth: -1
  m_CullingMask:
    serializedVersion: 2
    m_Bits: 4294967295
  m_RenderingPath: -1
  m_TargetTexture: {fileID: 0}
  m_TargetDisplay: 0
  m_TargetEye: 3
  m_HDR: 1
  m_AllowMSAA: 1
  m_AllowDynamicResolution: 0
  m_ForceIntoRT: 0
  m_OcclusionCulling: 1
  m_StereoConvergence: 10
  m_StereoSeparation: 0.022
--- !u!4 &1894491078
Transform:
  m_ObjectHideFlags: 0
  m_CorrespondingSourceObject: {fileID: 0}
  m_PrefabInstance: {fileID: 0}
  m_PrefabAsset: {fileID: 0}
  m_GameObject: {fileID: 1894491072}
  m_LocalRotation: {x: 0.0964999, y: 0.00000000856304, z: -8.3020707e-10, w: 0.995333}
  m_LocalPosition: {x: 0.030000003, y: 5.340376, z: -13.017901}
  m_LocalScale: {x: 1, y: 1, z: 1}
  m_Children: []
  m_Father: {fileID: 0}
  m_RootOrder: 0
  m_LocalEulerAnglesHint: {x: 14.081, y: 278.752, z: 20.412}
--- !u!1001 &1973235037
PrefabInstance:
  m_ObjectHideFlags: 0
  serializedVersion: 2
  m_Modification:
    m_TransformParent: {fileID: 0}
    m_Modifications:
    - target: {fileID: -8679921383154817045, guid: da47659372d116d47a42afda5ab2d730, type: 3}
      propertyPath: m_RootOrder
      value: 12
      objectReference: {fileID: 0}
    - target: {fileID: -8679921383154817045, guid: da47659372d116d47a42afda5ab2d730, type: 3}
      propertyPath: m_LocalScale.x
      value: 10.343401
      objectReference: {fileID: 0}
    - target: {fileID: -8679921383154817045, guid: da47659372d116d47a42afda5ab2d730, type: 3}
      propertyPath: m_LocalScale.y
      value: 2.0791
      objectReference: {fileID: 0}
    - target: {fileID: -8679921383154817045, guid: da47659372d116d47a42afda5ab2d730, type: 3}
      propertyPath: m_LocalScale.z
      value: 0.44726
      objectReference: {fileID: 0}
    - target: {fileID: -8679921383154817045, guid: da47659372d116d47a42afda5ab2d730, type: 3}
      propertyPath: m_LocalPosition.x
      value: -0.61
      objectReference: {fileID: 0}
    - target: {fileID: -8679921383154817045, guid: da47659372d116d47a42afda5ab2d730, type: 3}
      propertyPath: m_LocalPosition.y
      value: 3.6963701
      objectReference: {fileID: 0}
    - target: {fileID: -8679921383154817045, guid: da47659372d116d47a42afda5ab2d730, type: 3}
      propertyPath: m_LocalPosition.z
      value: 6.67
      objectReference: {fileID: 0}
    - target: {fileID: -8679921383154817045, guid: da47659372d116d47a42afda5ab2d730, type: 3}
      propertyPath: m_LocalRotation.w
      value: 0.7071067
      objectReference: {fileID: 0}
    - target: {fileID: -8679921383154817045, guid: da47659372d116d47a42afda5ab2d730, type: 3}
      propertyPath: m_LocalRotation.x
      value: -0.7071068
      objectReference: {fileID: 0}
    - target: {fileID: -8679921383154817045, guid: da47659372d116d47a42afda5ab2d730, type: 3}
      propertyPath: m_LocalRotation.y
      value: 0
      objectReference: {fileID: 0}
    - target: {fileID: -8679921383154817045, guid: da47659372d116d47a42afda5ab2d730, type: 3}
      propertyPath: m_LocalRotation.z
      value: -0
      objectReference: {fileID: 0}
    - target: {fileID: -8679921383154817045, guid: da47659372d116d47a42afda5ab2d730, type: 3}
      propertyPath: m_LocalEulerAnglesHint.x
      value: 0
      objectReference: {fileID: 0}
    - target: {fileID: -8679921383154817045, guid: da47659372d116d47a42afda5ab2d730, type: 3}
      propertyPath: m_LocalEulerAnglesHint.y
      value: 0
      objectReference: {fileID: 0}
    - target: {fileID: -8679921383154817045, guid: da47659372d116d47a42afda5ab2d730, type: 3}
      propertyPath: m_LocalEulerAnglesHint.z
      value: 0
      objectReference: {fileID: 0}
    - target: {fileID: -7511558181221131132, guid: da47659372d116d47a42afda5ab2d730, type: 3}
      propertyPath: m_Materials.Array.data[0]
      value: 
      objectReference: {fileID: 2100000, guid: 933a7419e36e59f4ba0167dc2e059c8d, type: 2}
    - target: {fileID: 919132149155446097, guid: da47659372d116d47a42afda5ab2d730, type: 3}
      propertyPath: m_Name
      value: GroundTile1M (7)
      objectReference: {fileID: 0}
    m_RemovedComponents: []
  m_SourcePrefab: {fileID: 100100000, guid: da47659372d116d47a42afda5ab2d730, type: 3}
--- !u!1 &1973235038 stripped
GameObject:
  m_CorrespondingSourceObject: {fileID: 919132149155446097, guid: da47659372d116d47a42afda5ab2d730, type: 3}
  m_PrefabInstance: {fileID: 1973235037}
  m_PrefabAsset: {fileID: 0}
--- !u!65 &1973235039
BoxCollider:
  m_ObjectHideFlags: 0
  m_CorrespondingSourceObject: {fileID: 0}
  m_PrefabInstance: {fileID: 0}
  m_PrefabAsset: {fileID: 0}
  m_GameObject: {fileID: 1973235038}
  m_Material: {fileID: 0}
  m_IsTrigger: 0
  m_Enabled: 1
  serializedVersion: 2
  m_Size: {x: 1, y: 0.9999999, z: 0.9999999}
  m_Center: {x: 0, y: 0, z: 0.49999994}
--- !u!1 &2003812053
GameObject:
  m_ObjectHideFlags: 0
  m_CorrespondingSourceObject: {fileID: 0}
  m_PrefabInstance: {fileID: 0}
  m_PrefabAsset: {fileID: 0}
  serializedVersion: 6
  m_Component:
  - component: {fileID: 2003812057}
  - component: {fileID: 2003812056}
  - component: {fileID: 2003812055}
  - component: {fileID: 2003812054}
  m_Layer: 0
  m_Name: GroundTile1M (13)
  m_TagString: Untagged
  m_Icon: {fileID: 0}
  m_NavMeshLayer: 0
  m_StaticEditorFlags: 0
  m_IsActive: 1
--- !u!65 &2003812054
BoxCollider:
  m_ObjectHideFlags: 0
  m_CorrespondingSourceObject: {fileID: 0}
  m_PrefabInstance: {fileID: 0}
  m_PrefabAsset: {fileID: 0}
  m_GameObject: {fileID: 2003812053}
  m_Material: {fileID: 0}
  m_IsTrigger: 0
  m_Enabled: 1
  serializedVersion: 2
  m_Size: {x: 1, y: 0.9999999, z: 0.9999999}
  m_Center: {x: 0, y: 0, z: 0.49999994}
--- !u!23 &2003812055
MeshRenderer:
  m_ObjectHideFlags: 0
  m_CorrespondingSourceObject: {fileID: 0}
  m_PrefabInstance: {fileID: 0}
  m_PrefabAsset: {fileID: 0}
  m_GameObject: {fileID: 2003812053}
  m_Enabled: 1
  m_CastShadows: 1
  m_ReceiveShadows: 1
  m_DynamicOccludee: 1
  m_MotionVectors: 1
  m_LightProbeUsage: 1
  m_ReflectionProbeUsage: 1
  m_RayTracingMode: 2
  m_RayTraceProcedural: 0
  m_RenderingLayerMask: 1
  m_RendererPriority: 0
  m_Materials:
  - {fileID: 2100000, guid: 933a7419e36e59f4ba0167dc2e059c8d, type: 2}
  m_StaticBatchInfo:
    firstSubMesh: 0
    subMeshCount: 0
  m_StaticBatchRoot: {fileID: 0}
  m_ProbeAnchor: {fileID: 0}
  m_LightProbeVolumeOverride: {fileID: 0}
  m_ScaleInLightmap: 1
  m_ReceiveGI: 1
  m_PreserveUVs: 0
  m_IgnoreNormalsForChartDetection: 0
  m_ImportantGI: 0
  m_StitchLightmapSeams: 1
  m_SelectedEditorRenderState: 3
  m_MinimumChartSize: 4
  m_AutoUVMaxDistance: 0.5
  m_AutoUVMaxAngle: 89
  m_LightmapParameters: {fileID: 0}
  m_SortingLayerID: 0
  m_SortingLayer: 0
  m_SortingOrder: 0
  m_AdditionalVertexStreams: {fileID: 0}
--- !u!33 &2003812056
MeshFilter:
  m_ObjectHideFlags: 0
  m_CorrespondingSourceObject: {fileID: 0}
  m_PrefabInstance: {fileID: 0}
  m_PrefabAsset: {fileID: 0}
  m_GameObject: {fileID: 2003812053}
  m_Mesh: {fileID: 7277889758466911630, guid: da47659372d116d47a42afda5ab2d730, type: 3}
--- !u!4 &2003812057
Transform:
  m_ObjectHideFlags: 0
  m_CorrespondingSourceObject: {fileID: 0}
  m_PrefabInstance: {fileID: 0}
  m_PrefabAsset: {fileID: 0}
  m_GameObject: {fileID: 2003812053}
  m_LocalRotation: {x: -0.5000008, y: -0.49999925, z: -0.49999928, w: 0.5000007}
  m_LocalPosition: {x: -15.01, y: 8.7, z: -11.61}
  m_LocalScale: {x: 10.343401, y: 2.0791, z: 0.46305}
  m_Children: []
  m_Father: {fileID: 0}
  m_RootOrder: 28
  m_LocalEulerAnglesHint: {x: -90, y: 0, z: -90}
--- !u!1 &2055631263
GameObject:
  m_ObjectHideFlags: 0
  m_CorrespondingSourceObject: {fileID: 0}
  m_PrefabInstance: {fileID: 0}
  m_PrefabAsset: {fileID: 0}
  serializedVersion: 6
  m_Component:
  - component: {fileID: 2055631265}
  - component: {fileID: 2055631264}
  m_Layer: 0
  m_Name: Directional Light
  m_TagString: Untagged
  m_Icon: {fileID: 0}
  m_NavMeshLayer: 0
  m_StaticEditorFlags: 0
  m_IsActive: 1
--- !u!108 &2055631264
Light:
  m_ObjectHideFlags: 0
  m_CorrespondingSourceObject: {fileID: 0}
  m_PrefabInstance: {fileID: 0}
  m_PrefabAsset: {fileID: 0}
  m_GameObject: {fileID: 2055631263}
  m_Enabled: 1
  serializedVersion: 10
  m_Type: 1
  m_Shape: 0
  m_Color: {r: 1, g: 0.95686275, b: 0.8392157, a: 1}
  m_Intensity: 1
  m_Range: 10
  m_SpotAngle: 30
  m_InnerSpotAngle: 21.80208
  m_CookieSize: 10
  m_Shadows:
    m_Type: 2
    m_Resolution: -1
    m_CustomResolution: -1
    m_Strength: 1
    m_Bias: 0.05
    m_NormalBias: 0.4
    m_NearPlane: 0.2
    m_CullingMatrixOverride:
      e00: 1
      e01: 0
      e02: 0
      e03: 0
      e10: 0
      e11: 1
      e12: 0
      e13: 0
      e20: 0
      e21: 0
      e22: 1
      e23: 0
      e30: 0
      e31: 0
      e32: 0
      e33: 1
    m_UseCullingMatrixOverride: 0
  m_Cookie: {fileID: 0}
  m_DrawHalo: 0
  m_Flare: {fileID: 0}
  m_RenderMode: 0
  m_CullingMask:
    serializedVersion: 2
    m_Bits: 4294967295
  m_RenderingLayerMask: 1
  m_Lightmapping: 4
  m_LightShadowCasterMode: 0
  m_AreaSize: {x: 1, y: 1}
  m_BounceIntensity: 1
  m_ColorTemperature: 6570
  m_UseColorTemperature: 0
  m_BoundingSphereOverride: {x: 0, y: 0, z: 0, w: 0}
  m_UseBoundingSphereOverride: 0
  m_ShadowRadius: 0
  m_ShadowAngle: 0
--- !u!4 &2055631265
Transform:
  m_ObjectHideFlags: 0
  m_CorrespondingSourceObject: {fileID: 0}
  m_PrefabInstance: {fileID: 0}
  m_PrefabAsset: {fileID: 0}
  m_GameObject: {fileID: 2055631263}
  m_LocalRotation: {x: 0.40821788, y: -0.23456968, z: 0.10938163, w: 0.8754261}
  m_LocalPosition: {x: 0, y: 3, z: 0}
  m_LocalScale: {x: 1, y: 1, z: 1}
  m_Children: []
  m_Father: {fileID: 0}
  m_RootOrder: 7
  m_LocalEulerAnglesHint: {x: 50, y: -30, z: 0}
--- !u!1001 &2115837416
PrefabInstance:
  m_ObjectHideFlags: 0
  serializedVersion: 2
  m_Modification:
    m_TransformParent: {fileID: 0}
    m_Modifications:
    - target: {fileID: -8679921383154817045, guid: 52951a3a88edf2a44a824d67b26d46a8, type: 3}
      propertyPath: m_RootOrder
      value: 6
      objectReference: {fileID: 0}
    - target: {fileID: -8679921383154817045, guid: 52951a3a88edf2a44a824d67b26d46a8, type: 3}
      propertyPath: m_LocalPosition.x
      value: 0.29
      objectReference: {fileID: 0}
    - target: {fileID: -8679921383154817045, guid: 52951a3a88edf2a44a824d67b26d46a8, type: 3}
      propertyPath: m_LocalPosition.y
      value: 0
      objectReference: {fileID: 0}
    - target: {fileID: -8679921383154817045, guid: 52951a3a88edf2a44a824d67b26d46a8, type: 3}
      propertyPath: m_LocalPosition.z
      value: 0
      objectReference: {fileID: 0}
    - target: {fileID: -8679921383154817045, guid: 52951a3a88edf2a44a824d67b26d46a8, type: 3}
      propertyPath: m_LocalRotation.w
      value: 0.7071067
      objectReference: {fileID: 0}
    - target: {fileID: -8679921383154817045, guid: 52951a3a88edf2a44a824d67b26d46a8, type: 3}
      propertyPath: m_LocalRotation.x
      value: -0.7071068
      objectReference: {fileID: 0}
    - target: {fileID: -8679921383154817045, guid: 52951a3a88edf2a44a824d67b26d46a8, type: 3}
      propertyPath: m_LocalRotation.y
      value: 0
      objectReference: {fileID: 0}
    - target: {fileID: -8679921383154817045, guid: 52951a3a88edf2a44a824d67b26d46a8, type: 3}
      propertyPath: m_LocalRotation.z
      value: -0
      objectReference: {fileID: 0}
    - target: {fileID: -8679921383154817045, guid: 52951a3a88edf2a44a824d67b26d46a8, type: 3}
      propertyPath: m_LocalEulerAnglesHint.x
      value: 0
      objectReference: {fileID: 0}
    - target: {fileID: -8679921383154817045, guid: 52951a3a88edf2a44a824d67b26d46a8, type: 3}
      propertyPath: m_LocalEulerAnglesHint.y
      value: 0
      objectReference: {fileID: 0}
    - target: {fileID: -8679921383154817045, guid: 52951a3a88edf2a44a824d67b26d46a8, type: 3}
      propertyPath: m_LocalEulerAnglesHint.z
      value: 0
      objectReference: {fileID: 0}
    - target: {fileID: -7511558181221131132, guid: 52951a3a88edf2a44a824d67b26d46a8, type: 3}
      propertyPath: m_Materials.Array.data[0]
      value: 
      objectReference: {fileID: 2100000, guid: 933a7419e36e59f4ba0167dc2e059c8d, type: 2}
    - target: {fileID: 919132149155446097, guid: 52951a3a88edf2a44a824d67b26d46a8, type: 3}
      propertyPath: m_Name
      value: GroundTile5M
      objectReference: {fileID: 0}
    m_RemovedComponents: []
  m_SourcePrefab: {fileID: 100100000, guid: 52951a3a88edf2a44a824d67b26d46a8, type: 3}
--- !u!1 &2115837417 stripped
GameObject:
  m_CorrespondingSourceObject: {fileID: 919132149155446097, guid: 52951a3a88edf2a44a824d67b26d46a8, type: 3}
  m_PrefabInstance: {fileID: 2115837416}
  m_PrefabAsset: {fileID: 0}
--- !u!65 &2115837418
BoxCollider:
  m_ObjectHideFlags: 0
  m_CorrespondingSourceObject: {fileID: 0}
  m_PrefabInstance: {fileID: 0}
  m_PrefabAsset: {fileID: 0}
  m_GameObject: {fileID: 2115837417}
  m_Material: {fileID: 0}
  m_IsTrigger: 0
  m_Enabled: 1
  serializedVersion: 2
  m_Size: {x: 5, y: 4.9999995, z: 0.9999999}
  m_Center: {x: 0, y: 0, z: 0.49999994}
